name,ttm,03/31/2020,12/31/2019,09/30/2019,06/30/2019,03/31/2019,12/31/2018,09/30/2018,06/30/2018,03/31/2018,12/31/2017,09/30/2017,06/30/2017,03/31/2017,12/31/2016,09/30/2016,06/30/2016,03/31/2016,12/31/2015,09/30/2015,06/30/2015,03/31/2015,12/31/2014,09/30/2014,06/30/2014,03/31/2014,12/31/2013,09/30/2013,06/30/2013,03/31/2013,12/31/2012,09/30/2012,06/30/2012,03/31/2012,12/31/2011,09/30/2011,06/30/2011,03/31/2011,12/31/2010,09/30/2010,06/30/2010,03/31/2010,12/31/2009,09/30/2009,06/30/2009,03/31/2009,12/31/2008,09/30/2008,06/30/2008,03/31/2008,12/31/2007,09/30/2007,06/30/2007,03/31/2007,12/31/2006,09/30/2006,06/30/2006,03/31/2006,12/31/2005,09/30/2005,06/30/2005,03/31/2005,12/31/2004,09/30/2004,06/30/2004,03/31/2004,12/31/2003,09/30/2003,06/30/2003,03/31/2003,12/31/2002,09/30/2002,06/30/2002,03/31/2002,12/31/2001,09/30/2001,06/30/2001,03/31/2001,12/31/2000,09/30/2000,06/30/2000,03/31/2000,12/31/1999,09/30/1999,06/30/1999,03/31/1999,12/31/1998,09/30/1998,06/30/1998,03/31/1998,12/31/1997,09/30/1997,06/30/1997,03/31/1997,12/31/1996,09/30/1996,06/30/1996,03/31/1996,09/30/1995,06/30/1995,03/31/1995,12/31/1994,09/30/1994,06/30/1994,03/31/1994,12/31/1993,09/30/1993,06/30/1993,03/31/1993,12/31/1992,09/30/1992,06/30/1992,03/31/1992,12/31/1991,09/30/1991,06/30/1991,03/31/1991,12/31/1990,09/30/1990,06/30/1990,03/31/1990,12/31/1989,09/30/1989,06/30/1989,03/31/1989,12/31/1988,09/30/1988,06/30/1988,03/31/1988,12/31/1987,09/30/1987,06/30/1987,03/31/1987,12/31/1986,09/30/1986,06/30/1986,03/31/1986,12/31/1985,09/30/1985
TotalRevenue,"4,036,827,000","1,101,274,000","1,003,604,000","963,808,000","968,141,000","1,012,103,000","993,184,000","953,071,000","927,859,000","954,809,000","884,627,000","838,883,000","815,644,000","844,554,000","794,954,000","768,982,000","789,353,000","854,427,000","821,199,000","767,694,000","769,049,000","821,814,000","759,742,000","707,564,000","672,510,000","585,423,000","547,968,000","539,458,000","552,064,000","595,141,000","568,463,000","529,510,000","539,515,000","586,876,000","523,489,000","485,195,000","482,700,000","532,665,000","484,429,000","452,150,000","444,999,000","495,269,000","446,268,000","415,259,000","417,310,000","473,950,000","404,894,000","388,019,000","411,191,000","437,331,000","388,611,000","359,381,000","358,985,000","387,934,000","339,869,000","317,709,000","321,727,000","347,287,000","296,152,000","278,667,000","271,338,000","279,348,000","242,053,000","231,648,000","230,286,000","242,493,000","209,390,000","188,406,000","177,741,000","191,260,000","189,317,000","152,797,000","151,162,000","156,663,000","139,985,000","132,516,000","132,763,000","141,417,000","130,788,000","124,850,000","121,910,000","125,372,000","124,276,000","106,457,000","104,931,000","101,695,000","94,518,000","93,613,000","91,677,000","91,025,000","78,673,000","74,633,000","76,070,000","75,054,000","73,645,000","70,000,000","66,600,000","64,700,000","58,500,000","58,500,000","59,200,000","55,900,000","56,700,000","55,200,000","53,200,000","45,500,000","43,000,000","42,300,000","41,600,000","37,500,000","38,300,000","38,500,000","39,400,000","32,700,000","35,900,000","34,800,000","36,800,000","34,300,000","35,100,000","35,300,000","36,500,000","34,100,000","35,700,000","36,200,000","38,400,000","35,800,000","37,500,000","37,500,000","37,200,000","33,800,000","30,800,000","30,500,000","31,500,000","28,800,000","29,100,000","29,300,000","28,700,000","26,700,000","28,000,000"
	OperatingRevenue,"4,035,515,000","1,100,922,000","1,003,302,000","963,489,000","967,802,000","1,011,800,000","992,823,000","952,520,000","927,524,000","954,217,000","883,759,000","838,111,000","815,153,000","844,129,000","793,641,000","767,727,000","787,821,000","852,929,000","819,617,000","766,126,000","767,485,000","820,317,000","758,275,000","706,036,000","671,051,000","584,035,000","552,582,000","535,991,000","549,191,000","591,678,000","553,291,000","529,510,000","539,515,000","586,876,000","523,489,000","485,195,000","482,700,000","532,665,000","484,429,000","452,150,000","444,999,000","495,269,000","446,268,000","415,259,000","417,310,000","473,950,000","404,894,000","388,019,000","411,191,000","433,443,000","375,417,000","359,381,000","358,985,000","387,934,000","335,521,000","315,730,000","321,727,000","347,287,000","296,152,000","278,667,000","271,338,000","279,348,000","242,053,000","231,648,000","230,286,000","235,342,000","209,390,000","188,406,000","177,741,000","191,260,000","189,317,000","152,797,000","151,162,000","156,663,000","139,985,000","132,516,000","132,763,000","141,417,000","130,788,000","124,850,000","121,910,000","125,372,000","124,276,000","106,457,000","104,931,000","101,695,000","94,518,000","93,613,000","91,677,000","91,025,000","78,673,000","74,633,000","76,070,000","75,054,000","73,645,000","70,000,000","66,600,000","64,700,000","58,500,000","58,500,000","59,200,000","55,900,000","56,700,000","55,200,000","53,200,000","45,500,000","43,000,000","42,300,000","41,600,000","37,500,000","38,300,000","38,500,000","39,400,000","32,700,000","35,900,000","34,800,000","36,800,000","34,300,000","35,100,000","35,300,000","36,500,000","34,100,000","35,700,000","36,200,000","38,400,000","35,800,000","37,500,000","37,500,000","37,200,000","33,800,000","30,800,000","30,500,000","31,500,000","28,800,000","29,100,000","29,300,000","28,700,000","26,700,000","28,000,000"
CostOfRevenue,"129,868,000","30,443,000","34,171,000","30,655,000","34,599,000","37,828,000","49,002,000","40,091,000","51,224,000","53,682,000","70,570,000","55,130,000","65,758,000","67,476,000","84,453,000","64,409,000","67,876,000","78,450,000","118,845,000","78,104,000","81,312,000","94,556,000","104,161,000","76,812,000","81,705,000","91,920,000","103,335,000","82,705,000","84,676,000","91,183,000","120,813,000","84,377,000","93,280,000","112,606,000","111,608,000","83,380,000","81,926,000","99,569,000","103,174,000","80,624,000","73,808,000","96,325,000","94,644,000","68,786,000","68,310,000","93,717,000","86,676,000","71,018,000","69,348,000","88,918,000","79,319,000","61,484,000","60,614,000","74,437,000","67,345,000","54,763,000","54,174,000","72,197,000","60,423,000","50,088,000","47,981,000","53,369,000","48,161,000","44,038,000","41,372,000","55,016,000","46,431,000","35,471,000","34,468,000","46,257,000","43,866,000","31,455,000","27,736,000","33,206,000","28,650,000","24,627,000","23,758,000","28,951,000","28,088,000","25,735,000","23,603,000","27,726,000","26,947,000","21,561,000","19,977,000","19,220,000","16,065,000","15,164,000","15,025,000","15,763,000","14,992,000","13,153,000","13,902,000","13,866,000","13,768,000","12,000,000","9,400,000","8,800,000","9,400,000","7,600,000","8,200,000","7,300,000","9,600,000","8,500,000","9,100,000","8,000,000","8,400,000","9,700,000","7,700,000","8,800,000","10,100,000","10,900,000","11,000,000","7,300,000","10,400,000","9,700,000","11,800,000","11,100,000","11,700,000","11,700,000","11,300,000","10,200,000",,,,,,,,,,,,,,,,,
GrossProfit,"3,906,959,000","1,070,831,000","969,433,000","933,153,000","933,542,000","974,275,000","944,182,000","912,980,000","876,635,000","901,127,000","814,057,000","783,753,000","749,886,000","777,078,000","710,501,000","704,573,000","721,477,000","775,977,000","702,354,000","689,590,000","687,737,000","727,258,000","655,581,000","630,752,000","590,805,000","493,503,000","444,633,000","456,753,000","467,388,000","503,958,000","447,650,000","445,133,000","446,235,000","474,270,000","411,881,000","401,815,000","400,774,000","433,096,000","381,255,000","371,526,000","371,191,000","398,944,000","351,624,000","346,473,000","349,000,000","380,233,000","318,218,000","317,001,000","341,843,000","348,413,000","309,292,000","297,897,000","298,371,000","313,497,000","272,524,000","262,946,000","267,553,000","275,090,000","235,729,000","228,579,000","223,357,000","225,979,000","193,892,000","187,610,000","188,914,000","187,477,000","162,959,000","152,935,000","143,273,000","145,003,000","145,451,000","121,342,000","123,426,000","123,457,000","111,335,000","107,889,000","109,005,000","112,466,000","102,700,000","99,115,000","98,307,000","97,646,000","97,329,000","84,896,000","84,954,000","82,475,000","78,453,000","78,449,000","76,652,000","75,262,000","63,681,000","61,480,000","62,168,000","61,188,000","59,877,000","58,000,000","57,200,000","55,900,000","49,100,000","50,900,000","51,000,000","48,600,000","47,100,000","46,700,000","44,100,000","37,500,000","34,600,000","32,600,000","33,900,000","28,700,000","28,200,000","27,600,000","28,400,000","25,400,000","25,500,000","25,100,000","25,000,000","23,200,000","23,400,000","23,600,000","25,200,000","23,900,000",,,,,,,,,,,,,,,,,
OperatingExpense,"3,524,171,000","927,836,000","992,963,000","803,429,000","797,404,000","829,916,000","743,841,000","736,289,000","706,692,000","739,228,000","656,279,000","645,516,000","606,739,000","628,048,000","585,465,000","577,123,000","596,174,000","634,881,000","399,744,000","647,543,000","619,917,000","643,906,000","616,266,000","603,392,000","566,255,000","432,286,000","409,115,000","413,155,000","411,263,000","422,157,000","389,788,000","398,468,000","385,979,000","393,071,000","361,456,000","355,046,000","382,475,000","360,503,000","330,764,000","328,713,000","331,018,000","338,539,000","310,921,000","310,464,000","303,486,000","321,721,000","282,660,000","282,371,000","301,799,000","305,599,000","281,801,000","270,404,000","264,800,000","264,728,000","239,891,000","233,407,000","233,139,000","237,237,000","209,321,000","212,730,000","195,976,000","194,761,000","170,982,000","168,709,000","162,720,000","165,563,000","145,402,000","137,741,000","127,894,000","129,508,000","116,904,000","114,578,000","111,690,000","112,834,000","106,911,000","109,332,000","99,303,000","99,036,000","90,843,000","86,903,000","85,813,000","84,678,000","77,942,000","76,905,000","75,910,000","73,490,000","71,039,000","71,861,000","68,765,000","67,225,000","56,917,000","54,280,000","55,018,000","54,665,000","50,049,000","52,100,000","51,000,000","48,400,000","43,600,000","45,400,000","45,000,000","43,900,000","42,800,000","42,100,000","39,000,000","33,500,000","31,300,000","29,100,000","30,600,000","25,800,000","25,700,000","25,000,000","26,700,000","23,700,000","24,200,000","24,100,000","23,100,000","25,000,000","21,500,000","22,300,000","23,100,000","21,500,000",,,,,,,,,,,,,,,,,
	SellingGeneralAndAdministration,"1,268,573,000","277,307,000","468,565,000","259,807,000","269,589,000","272,649,000","255,982,000","249,653,000","241,748,000","253,264,000","238,219,000","231,331,000","220,268,000","226,523,000","278,179,000","205,308,000","220,401,000","226,700,000","-131,171,000","345,514,000","325,555,000","327,920,000","345,078,000","342,573,000","333,540,000","264,374,000","258,549,000","258,257,000","256,841,000","253,954,000","242,488,000","247,685,000","237,573,000","234,910,000","226,129,000","218,319,000","247,890,000","216,410,000","206,239,000","206,021,000","206,210,000","206,459,000","196,106,000","193,440,000","185,571,000","196,517,000","176,353,000","175,409,000","190,897,000","192,002,000","179,893,000","169,105,000","163,737,000","161,677,000","149,190,000","143,601,000","142,818,000","143,956,000","129,922,000","136,003,000","121,602,000","119,631,000","106,903,000","104,864,000","100,658,000","102,093,000","92,277,000","88,111,000","81,377,000","83,119,000","75,374,000","73,184,000","71,654,000","73,134,000","69,349,000","75,061,000","65,718,000","66,554,000","59,285,000","56,293,000","55,594,000","56,415,000","51,651,000","51,349,000","50,202,000","48,721,000","47,554,000","48,825,000","47,133,000","46,207,000","38,796,000","36,796,000","37,086,000","37,051,000","33,712,000","35,400,000","33,800,000","32,100,000","29,700,000","30,000,000","29,500,000","28,900,000","28,400,000","28,200,000","26,900,000","22,700,000","21,700,000","20,600,000","20,900,000","19,300,000","19,000,000","18,500,000","20,200,000","17,700,000","18,900,000","18,900,000","18,000,000","19,800,000","17,900,000","18,900,000","18,400,000","18,100,000",,,,,,,,,,,,,,,,,
		GeneralAndAdministrativeExpense,"1,225,431,000","264,605,000","463,908,000","250,618,000","252,995,000","259,066,000","244,461,000","239,839,000","235,764,000","242,865,000","232,131,000","223,710,000","210,108,000","216,366,000","268,023,000","196,295,000","208,433,000","217,014,000","-170,505,000","345,514,000","325,555,000","327,920,000","345,078,000","342,573,000","333,540,000","264,374,000","258,549,000","258,257,000","256,841,000","253,954,000","242,488,000","247,685,000",,,,"218,319,000",,,,,,,,,,,,,,,,,,,,,,,,,,,,,,,,,,,,,,,,,,,,,,,,,,,,,,,,,,,,,,,,,,,,,,,,,,,,,,,,,,,,,,,,,,,,,,,,,,,,,,,
			SalariesAndWages,"693,483,000","168,390,000","175,118,000","173,762,000","176,213,000","181,750,000","166,211,000","164,587,000","163,402,000","170,213,000","162,770,000","155,717,000","145,917,000","150,974,000","146,666,000","144,490,000","156,428,000","163,530,000","619,557,000","0",,,"0","9,094,000","0",,"0","0","4,917,000",,"0","10,394,000",,,,,,,,,,,,,,,,,,,,,,,,,,,,,,,,,,,,,,,,,,,,,,,,,,,,,,,,,,,,,,,,,,,,,,,,,,,,,,,,,,,,,,,,,,,,,,,,,,,,,,,,,,,
			RentAndLandingFees,"229,609,000","57,493,000","55,411,000","59,264,000","57,441,000","58,128,000","58,524,000","56,860,000","53,703,000","54,217,000","51,173,000","51,590,000","48,507,000","48,368,000","51,418,000","51,805,000","52,005,000","53,484,000",,,,,,,,,,,,,,,,,,,,,,,,,,,,,,,,,,,,,,,,,,,,,,,,,,,,,,,,,,,,,,,,,,,,,,,,,,,,,,,,,,,,,,,,,,,,,,,,,,,,,,,,,,,,,,,,,,,,,,,,,
			OtherGandA,"302,339,000","38,722,000","233,379,000","17,592,000","19,341,000","19,188,000","19,726,000","18,392,000","18,659,000","18,435,000","18,188,000","16,403,000","15,684,000","17,024,000","49,077,000","54,688,000","53,804,000","59,879,000","-768,341,000","345,514,000","325,555,000","327,920,000","345,078,000","333,479,000","333,540,000","264,374,000","258,549,000","258,257,000","251,924,000","253,954,000","242,488,000","237,291,000",,,,"218,319,000",,,,,,,,,,,,,,,,,,,,,,,,,,,,,,,,,,,,,,,,,,,,,,,,,,,,,,,,,,,,,,,,,,,,,,,,,,,,,,,,,,,,,,,,,,,,,,,,,,,,,,,
		SellingAndMarketingExpense,"43,142,000","12,702,000","4,657,000","9,189,000","16,594,000","13,583,000","11,521,000","9,814,000","5,984,000","10,399,000","6,088,000","7,621,000","10,160,000","10,157,000","10,156,000","9,013,000","11,968,000","9,686,000",,,,,,,,,,,,,,,,,,,,,,,,,,,,,,,,,,,,,,,,,,,,,,,,,,,,,,,,,,,,,,,,,,,,,,,,,,,,,,,,,,,,,,,,,,,,,,,,,,,,,,,,,,,,,,,,,,,,,,,,,
	DepreciationAmortizationDepletionIncomeStatement,"2,101,912,000","604,814,000","515,231,000","497,137,000","484,730,000","510,817,000","447,129,000","443,400,000","415,414,000","440,008,000","375,659,000","365,576,000","345,398,000","361,998,000","316,897,000","317,127,000","321,969,000","348,302,000","300,267,000","302,029,000","294,362,000","315,986,000","271,188,000","260,819,000","232,715,000","167,912,000","150,566,000","154,898,000","154,422,000","168,203,000","147,300,000","150,783,000","148,406,000","158,161,000","135,327,000","136,727,000","134,585,000","144,093,000","124,525,000","122,692,000","124,808,000","132,080,000","114,815,000","117,024,000","117,915,000","125,204,000","106,307,000","106,962,000","110,902,000","113,597,000","101,908,000","101,299,000","101,063,000","103,051,000","90,701,000","89,806,000","90,321,000","93,281,000","79,399,000","76,727,000","74,374,000","75,130,000","64,079,000","63,845,000","62,062,000","63,470,000","53,125,000","49,630,000","46,517,000","46,389,000","41,530,000","41,394,000","40,036,000","39,700,000","37,562,000","34,271,000","33,585,000","32,482,000","31,558,000","30,610,000","30,219,000","28,263,000","26,291,000","25,556,000","25,708,000","24,769,000","23,485,000","23,036,000","21,632,000","21,018,000","18,121,000","17,484,000","17,932,000","17,614,000","16,337,000","16,700,000","17,200,000","16,300,000","13,900,000","15,400,000","15,500,000","15,000,000","14,400,000","13,900,000","12,100,000","10,800,000","9,600,000","8,500,000","9,700,000","6,500,000","6,700,000","6,500,000","6,500,000","6,000,000","5,300,000","5,200,000","5,100,000","5,200,000","3,600,000","3,400,000","4,700,000","3,400,000",,,,,,,,,,,,,,,,,
		DepreciationAndAmortizationInIncomeStatement,"2,101,912,000","604,814,000","515,231,000","497,137,000","484,730,000","510,817,000","447,129,000","443,400,000","415,414,000","440,008,000","375,659,000","365,576,000","345,398,000","361,998,000","316,897,000","317,127,000","321,969,000","348,302,000","300,267,000","302,029,000","294,362,000","315,986,000","271,188,000","260,819,000","232,715,000","167,912,000","150,566,000","154,898,000","154,422,000","168,203,000","147,300,000","150,783,000","148,406,000","158,161,000","135,327,000","136,727,000","134,585,000","144,093,000","124,525,000","122,692,000","124,808,000","132,080,000","114,815,000","117,024,000","117,915,000","125,204,000","106,307,000","106,962,000","110,902,000","113,597,000","101,908,000","101,299,000","101,063,000","103,051,000","90,701,000","89,806,000","90,321,000","93,281,000","79,399,000","76,727,000","74,374,000","75,130,000","64,079,000","63,845,000","62,062,000","63,470,000","53,125,000","49,630,000","46,517,000","46,389,000","41,530,000","41,394,000","40,036,000","39,700,000","37,562,000","34,271,000","33,585,000","32,482,000","31,558,000","30,610,000","30,219,000","28,263,000","26,291,000","25,556,000","25,708,000","24,769,000","23,485,000","23,036,000","21,632,000","21,018,000","18,121,000","17,484,000","17,932,000","17,614,000","16,337,000","16,700,000","17,200,000","16,300,000","13,900,000","15,400,000","15,500,000","15,000,000","14,400,000","13,900,000","12,100,000","10,800,000","9,600,000","8,500,000","9,700,000","6,500,000","6,700,000","6,500,000","6,500,000","6,000,000","5,300,000","5,200,000","5,100,000","5,200,000","3,600,000","3,400,000","4,700,000","3,400,000",,,,,,,,,,,,,,,,,
			DepreciationIncomeStatement,"2,068,945,000","597,407,000","507,471,000","489,199,000","474,868,000","500,820,000","437,889,000","434,593,000","415,414,000","440,008,000","375,659,000","365,576,000","345,398,000","361,998,000","316,897,000","317,127,000","321,969,000","348,302,000","300,267,000","302,029,000","294,362,000","315,986,000","271,188,000","260,819,000","232,715,000","167,912,000","150,566,000","154,898,000","154,422,000","168,203,000","147,300,000","150,783,000","148,406,000","158,161,000","135,327,000","136,727,000","134,585,000","144,093,000","124,525,000","122,692,000","124,808,000","132,080,000","114,815,000","117,024,000","117,915,000","125,204,000",,,,,,,,,,,,,,,,,,,,,,,,,,,,,,,,,,,,,,,,,,,,,,,,,,,,,,,,,,,,,,,,,,,,,,,,,,,,,,,,,,,,,,,,,,,,,
			Amortization,"32,967,000","7,407,000","7,760,000","7,938,000","9,862,000","9,997,000","9,240,000","8,807,000",,,,,,,,,,,,,,,,,,,,,,,,,,,,,,,,,,,,,,,,,,,,,,,,,,,,,,,,,,,,,,,,,,,,,,,,,,,,,,,,,,,,,,,,,,,,,,,,,,,,,,,,,,,,,,,,,,,,,,,,,,,,,,,,,,,
				AmortizationOfIntangiblesIncomeStatement,"32,967,000","7,407,000","7,760,000","7,938,000","9,862,000","9,997,000","9,240,000","8,807,000",,,,,,,,,,,,,,,,,,,,,,,,,,,,,,,,,,,,,,,,,,,,,,,,,,,,,,,,,,,,,,,,,,,,,,,,,,,,,,,,,,,,,,,,,,,,,,,,,,,,,,,,,,,,,,,,,,,,,,,,,,,,,,,,,,,
	OtherOperatingExpenses,"153,686,000","45,715,000","9,167,000","46,485,000","43,085,000","46,450,000","40,730,000","43,236,000","49,530,000","45,956,000","42,401,000","48,609,000","41,073,000","39,527,000","-9,611,000","54,688,000","53,804,000","59,879,000","3,469,000","-962,000","277,000","-1,460,000","-307,000","-197,000","5,000","-677,000","366,000",,,,,,,,,,,,,,,"206,459,000",,"193,440,000",,,,,,,,,,,,,,,,,,,,,,,,,,,,,,,,,,,,,,,,,,,,,,,,,,,,,,,,,,,,,,,,,,,,,,,,,,,,,,,,,,,,,,,,,,,,,,,
OperatingIncome,"382,788,000","142,995,000","-23,530,000","129,724,000","136,138,000","144,359,000","200,341,000","176,691,000","169,943,000","161,899,000","157,778,000","138,237,000","143,147,000","149,030,000","125,036,000","127,450,000","125,303,000","141,096,000","302,610,000","42,047,000","67,820,000","83,352,000","39,315,000","27,360,000","24,550,000","61,217,000","35,518,000","43,598,000","56,125,000","81,801,000","57,862,000","46,665,000","60,256,000","81,199,000","50,425,000","46,769,000","18,299,000","72,593,000","50,491,000","42,813,000","40,173,000","60,405,000","40,703,000","36,009,000","45,514,000","58,512,000","35,558,000","34,630,000","40,044,000","42,814,000","27,491,000","27,493,000","33,571,000","48,769,000","32,633,000","29,539,000","34,414,000","37,853,000","26,408,000","15,849,000","27,381,000","31,218,000","22,910,000","18,901,000","26,194,000","21,914,000","17,557,000","15,194,000","15,379,000","15,495,000","28,547,000","6,764,000","11,736,000","10,623,000","4,424,000","-1,443,000","9,702,000","13,430,000","11,857,000","12,212,000","12,494,000","12,968,000","19,387,000","7,991,000","9,044,000","8,985,000","7,414,000","6,588,000","7,887,000","8,037,000","6,764,000","7,200,000","7,150,000","6,523,000","9,828,000","5,900,000","6,200,000","7,500,000","5,500,000","5,500,000","6,000,000","4,700,000","4,300,000","4,600,000","5,100,000","4,000,000","3,300,000","3,500,000","3,300,000","2,900,000","2,500,000","2,600,000","1,700,000","1,700,000","1,300,000","1,000,000","1,900,000","-1,800,000","1,900,000","1,300,000","2,100,000","2,400,000","35,700,000","36,200,000","-99,300,000","35,800,000","37,500,000","37,500,000","-83,600,000","33,800,000","30,800,000","30,500,000","-75,000,000","28,800,000","29,100,000","29,300,000","-69,800,000","26,700,000","28,000,000"
NetNonOperatingInterestIncomeExpense,"-13,929,000","-3,607,000","-3,335,000","-3,631,000","-3,356,000","-4,855,000","-4,492,000","-3,717,000","-3,653,000","-4,124,000","-4,325,000","-4,363,000","-5,174,000","-4,841,000","-4,526,000","-4,877,000","-5,397,000","-5,891,000","-5,753,000","-5,041,000","-4,830,000","-5,530,000","-5,581,000","-5,528,000","-4,405,000","-780,000","-340,000","-778,000","-738,000","-759,000","-670,000","-621,000","-1,666,000","-1,670,000","-1,686,000","-1,677,000","-672,000","-674,000","-681,000","-728,000","-844,000","-843,000","-849,000","-1,010,000","-1,164,000","-1,276,000",,,,,,,,,,,,,,,,,,,,,,,,,,,,,,,,,,,,,,,,,,,,,,,,,,,,,,,,,,,,,,,,,,,,,,,,,,,,,,,,,,,,,,,,,,,,,
	InterestIncomeNonOperating,"1,881,000","192,000","385,000","360,000","944,000","101,000","80,000","18,000","154,000","202,000","139,000","344,000","378,000","974,000","903,000","868,000","507,000","421,000","471,000","483,000","792,000","439,000","460,000","634,000","1,074,000","753,000","757,000","719,000","770,000","752,000","833,000","932,000",,,,,,,,,,,,,,,,,,,,,,,,,,,,,,,,,,,,,,,,,,,,,,,,,,,,,,,,,,,,,,,,,,,,,,,,,,,,,,,,,,,,,,,,,,,,,,,,,,,,,,,,,,,
	InterestExpenseNonOperating,"15,810,000","3,799,000","3,720,000","3,991,000","4,300,000","4,956,000","4,572,000","3,735,000","3,807,000","4,326,000","4,464,000","4,707,000","5,552,000","5,815,000","5,429,000","5,745,000","5,904,000","6,312,000","6,224,000","5,524,000","5,622,000","5,969,000","6,041,000","6,162,000","5,479,000","1,533,000","1,097,000","1,497,000","1,508,000","1,511,000","1,503,000","1,553,000","1,666,000","1,670,000","1,686,000","1,677,000","672,000","674,000","681,000","728,000","844,000","843,000","849,000","1,010,000","1,164,000","1,276,000",,,,,,,,,,,,,,,,,,,,,,,,,,,,,,,,,,,,,,,,,,,,,,,,,,,,,,,,,,,,,,,,,,,,,,,,,,,,,,,,,,,,,,,,,,,,,
OtherIncomeExpense,"-760,832,000","-553,841,000","-59,139,000","-74,428,000","-75,963,000","-69,196,000","-113,792,000","-119,559,000","-116,310,000","-91,023,000","-92,715,000","-94,653,000","-80,978,000","-61,566,000","-88,222,000","-77,291,000","-58,782,000","-55,477,000","-262,477,000","-450,000","1,364,000","8,000","499,000","-8,633,000","-6,583,000","273,000","-1,067,000","-13,400,000","-15,000,000",,"0",,,"35,500,000",,,,,,,,,,,,,,,,"3,888,000",,,,,"4,348,000","1,979,000",,,,,,,,,,"7,151,000",,,,,,"5,041,000",,,,,,,,,,,,"2,922,000","2,433,000","2,608,000","2,618,000","2,269,000","2,155,000","1,784,000","1,895,000","1,605,000","1,395,000","1,426,000",,"1,200,000","1,000,000",,"500,000","600,000","500,000","600,000","500,000","400,000","200,000","200,000","400,000","300,000","300,000","400,000","400,000","500,000","600,000","400,000","400,000","400,000","300,000","400,000","400,000","500,000","500,000","500,000",,,,,,,,,,,,,,,,,
	SpecialIncomeCharges,"-759,664,000","-551,890,000","-59,800,000","-74,221,000","-76,292,000","-70,504,000","-112,014,000","-119,405,000","-116,110,000","-91,835,000","-93,263,000","-95,548,000","-82,141,000","-62,541,000","-87,301,000","-76,641,000","-57,151,000","-55,116,000","-262,033,000","962,000","-277,000","1,460,000","1,507,000","-7,050,000","-7,733,000","677,000","-1,584,000","-13,400,000","-15,000,000","0","0","0","0","35,500,000",,,,,,,,,,,,,,,,"3,888,000",,,,,"4,348,000","1,979,000",,,,,,,,,,"7,151,000",,,,,,"5,041,000",,,,,,,,,,,,"2,922,000","2,433,000","2,608,000","2,618,000","2,269,000","2,155,000","1,784,000","1,895,000","1,605,000","1,395,000","1,426,000",,"1,200,000","1,000,000",,"500,000","600,000","500,000","600,000","500,000","400,000","200,000","200,000","400,000","300,000","300,000","400,000","400,000","500,000","600,000","400,000","400,000","400,000","300,000","400,000","400,000","500,000","500,000","500,000",,,,,,,,,,,,,,,,,
		RestructuringAndMergernAcquisition,"48,995,000","22,286,000","2,455,000","5,516,000","18,738,000","13,281,000","544,000","537,000","-882,000","906,000","3,377,000","845,000","13,445,000","327,000","15,560,000","4,658,000",,,"0","0","0","0","0","7,247,000","7,728,000",,,,,,,,,,,,,,,,,,,,,,,,,,,,,,,,,,,,,,,,,,,,,,,,,,,,,,,,,,,,,,,,,,,,,,,,,,,,,,,,,,,,,,,,,,,,,,,,,,,,,,,,,,,,,,,,,,
		ImpairmentOfCapitalAssets,,"446,893,000",,,,,,,,,,,,,,,,,,,,,,,,,,,,,,,,,,,,,,,,,,,,,,,,,,,,,,,,,,,,,,,,,,,,,,,,,,,,,,,,,,,,,,,,,,,,,,,,,,,,,,,,,,,,,,,,,,,,,,,,,,,,,,,,,,,,,,,,,
		WriteOff,"275,705,000","82,711,000","63,882,000","69,244,000","61,411,000","58,219,000","112,796,000","119,052,000","117,277,000","91,135,000","90,039,000","95,061,000","69,104,000","62,975,000","72,180,000","72,317,000","57,392,000","55,547,000","262,247,000","379,000","174,000","933,000","346,000","107,000","250,000","1,128,000",,,,,,,,,,,,,,,,,,,,,,,,,,,,,,,,,,,,,,,,,,,,,,,,,,,,,,,,,,,,,,,,,,,,,,,,,,,,,,,,,,,,,,,,,,,,,,,,,,,,,,,,,,,,,,,,,
		OtherSpecialCharges,,,"7,000",,"-3,635,000","-892,000",,,,,,,,,,,,,,,,,,,,,"0","13,400,000","15,000,000",,,,,,,,,,,,,,,,,,,,,,,,,,,,,,,,,,,,,,,,,,,,,,,,,,,,,,,,,,,,,,,,,,,,,,,,,,,,,,,,,,,,,,,,,,,,,,,,,,,,,,,,,,,,,,
		GainOnSaleOfBusiness,,,"0",,,"-4,000","139,000","0","-26,000","72,000","134,000","232,000","21,000","356,000","122,000","36,000","0","-32,000","-92,000","892,000","-103,000","2,393,000","653,000","90,000","245,000","1,805,000",,,,,,,,,,,,,,,,,,,,,,,,,,,,,,,,,,,,,,,,,,,,,,,,,,,,,,,,,,,,,,,,,,,,,,,,,,,,,,,,,,,,,,,,,,,,,,,,,,,,,,,,,,,,,,,,,
		GainOnSaleOfPPE,,,"6,544,000","539,000","222,000","108,000","93,000","184,000","311,000","134,000","19,000","126,000","387,000","405,000","317,000","298,000","241,000","463,000","306,000","449,000",,,,,,,,,,,,,,,,,,,,,,,,,,,,,,,,,,,,,,,,,,,,,,,,,,,,,,,,,,,,,,,,,,,,,,,,,,,,,,,,,,,,,,,,,,,,,,,,,,,,,,,,,,,,,,,,,,,,,,,
	OtherNonOperatingIncomeExpenses,"-1,168,000","-1,951,000","661,000","-207,000","329,000","1,308,000","-1,778,000","-154,000","-200,000","812,000","548,000","895,000","1,163,000","975,000","-921,000","-650,000","-1,631,000","-361,000","-444,000","-1,412,000","1,641,000","-1,452,000","-1,008,000","-1,583,000","1,150,000","-404,000","566,000",,,,,,,,,,,,,,,,,,,,,,,,,,,,,,,,,,,,,,,,,,,,,,,,,,,,,,,,,,,,,,,,,,,,,,,,,,,,,,,,,,,,,,,,,,,,,,,,,,,,,,,,,,,,,,,,
PretaxIncome,"-391,973,000","-414,453,000","-86,004,000","51,665,000","56,819,000","70,308,000","82,057,000","53,415,000","49,980,000","66,752,000","60,738,000","39,221,000","56,995,000","82,623,000","32,288,000","45,282,000","61,124,000","79,728,000","34,380,000","36,556,000","64,354,000","77,830,000","34,233,000","13,199,000","13,562,000","60,710,000","34,111,000","29,420,000","40,387,000","81,042,000","57,192,000","46,044,000","58,590,000","115,029,000","48,739,000","45,092,000","17,627,000","71,919,000","49,810,000","42,085,000","39,329,000","59,562,000","39,854,000","34,999,000","44,350,000","57,236,000","34,333,000","32,387,000","37,669,000","40,379,000","24,977,000","25,313,000","31,675,000","46,880,000","30,764,000","27,625,000","31,690,000","34,631,000","23,569,000","13,506,000","25,644,000","29,618,000","21,321,000","17,551,000","24,928,000","20,706,000","16,297,000","13,733,000","13,906,000","13,907,000","12,860,000","10,669,000","10,666,000","9,457,000","3,213,000","-3,158,000","7,998,000","11,802,000","10,189,000","10,799,000","11,177,000","11,741,000","10,048,000","9,860,000","10,615,000","10,779,000","9,392,000","8,029,000","9,090,000","8,680,000","7,666,000","7,883,000","7,608,000","7,080,000","5,779,000","6,200,000","6,400,000","6,800,000","5,100,000","5,300,000","5,400,000","4,700,000","4,100,000","4,300,000","4,600,000","3,700,000","3,300,000","3,400,000","3,200,000","2,800,000","2,500,000","2,700,000","1,800,000","1,500,000","1,100,000","800,000","1,400,000","-2,300,000","1,500,000","1,000,000","1,800,000","2,000,000",,,,,,,,,,,,,,,,,
TaxProvision,"-87,362,000","-134,448,000","21,053,000","11,864,000","14,169,000","14,230,000","20,314,000","9,695,000","11,479,000","14,506,000","-116,822,000","13,880,000","20,660,000","29,323,000","10,657,000","15,818,000","22,623,000","30,041,000","12,654,000","12,362,000","23,808,000","28,587,000","12,139,000","3,904,000","5,057,000","22,371,000","11,437,000","8,282,000","14,533,000","30,042,000","20,560,000","17,103,000","22,346,000","43,803,000","18,205,000","17,047,000","6,828,000","27,530,000","19,023,000","15,906,000","14,894,000","22,587,000","14,817,000","10,344,000","16,524,000","21,876,000","13,194,000","12,597,000","14,390,000","15,626,000","9,485,000","9,394,000","12,018,000","17,673,000","11,723,000","10,242,000","11,040,000","13,070,000","8,961,000","4,663,000","9,524,000","11,196,000","7,554,000","6,904,000","9,543,000","7,889,000","6,031,000","5,082,000","5,145,000","5,159,000","4,758,000","3,948,000","3,970,000","3,536,000","1,212,000","-1,197,000","3,031,000","4,473,000","3,841,000","4,093,000","4,248,000","4,463,000","3,808,000","3,752,000","4,040,000","4,100,000","3,654,000","3,123,000","3,536,000","3,394,000","3,020,000","3,078,000","2,975,000","2,768,000","2,286,000","2,400,000","2,500,000","2,600,000","1,900,000","2,000,000","2,100,000","1,800,000","1,600,000","1,700,000","1,900,000","1,500,000","1,400,000","1,400,000","1,800,000","1,200,000","1,000,000","1,100,000","700,000","600,000","400,000","300,000","600,000","-900,000","600,000","400,000","700,000","800,000",,,,,,,,,,,,,,,,,
NetIncomeCommonStockholders,"-304,611,000","-280,005,000","-107,057,000","39,801,000","42,650,000","56,078,000","61,743,000","43,720,000","38,501,000","52,246,000","177,560,000","25,341,000","36,335,000","53,300,000","21,631,000","29,464,000","38,501,000","49,687,000","21,726,000","24,194,000","40,546,000","49,243,000","22,094,000","9,295,000","8,505,000","38,339,000","22,674,000","21,138,000","25,854,000","51,000,000","36,632,000","28,941,000","36,244,000","71,226,000","30,534,000","28,045,000","10,799,000","44,389,000","30,787,000","26,179,000","24,435,000","36,975,000","25,064,000","24,636,000","27,750,000","35,151,000","21,079,000","21,078,000","23,279,000","24,753,000","15,492,000","15,919,000","19,657,000","29,207,000","19,041,000","17,383,000","20,650,000","21,561,000","14,608,000","8,843,000","16,120,000","18,422,000","13,767,000","10,647,000","15,385,000","12,817,000","10,266,000","8,651,000","8,761,000","8,748,000","8,102,000","6,721,000","6,696,000","5,921,000","2,001,000","-1,961,000","4,967,000","7,329,000","6,348,000","6,706,000","6,929,000","7,278,000","6,240,000","6,108,000","6,575,000","6,679,000","5,738,000","4,906,000","5,554,000","5,286,000","4,646,000","4,805,000","4,633,000","4,312,000","3,493,000","3,800,000","3,900,000","4,200,000","3,200,000","3,300,000","3,300,000","2,900,000","2,500,000","2,600,000","2,700,000","2,200,000","1,900,000","2,000,000","1,400,000","1,600,000","1,500,000","1,600,000","1,100,000","900,000","700,000","500,000","800,000","-1,400,000","900,000","600,000","1,100,000","1,200,000",,,,,,,,,,,,,,,,,
	NetIncome,"-304,611,000","-280,005,000","-107,057,000","39,801,000","42,650,000","56,078,000","61,743,000","43,720,000","38,501,000","52,246,000","177,560,000","25,341,000","36,335,000","53,300,000","21,631,000","29,464,000","38,501,000","49,687,000","21,726,000","24,194,000","40,546,000","49,243,000","22,094,000","9,295,000","8,505,000","38,339,000","22,674,000","21,138,000","25,854,000","51,000,000","36,632,000","28,941,000","36,244,000","71,226,000","30,534,000","28,045,000","10,799,000","44,389,000","30,787,000","26,179,000","24,435,000","36,975,000","25,064,000","24,636,000","27,750,000","35,151,000","21,079,000","21,078,000","23,279,000","24,753,000","15,492,000","15,919,000","19,657,000","29,207,000","19,041,000","17,383,000","20,650,000","21,561,000","14,608,000","8,843,000","16,120,000","18,422,000","13,767,000","10,647,000","15,385,000","12,817,000","10,266,000","8,651,000","8,761,000","8,748,000","8,102,000","6,721,000","6,696,000","5,921,000","2,001,000","-1,961,000","4,967,000","7,329,000","6,348,000","6,706,000","6,929,000","7,278,000","6,240,000","6,108,000","6,575,000","6,679,000","5,738,000","4,906,000","5,554,000","5,286,000","4,646,000","4,805,000","4,633,000","4,312,000","3,493,000","3,800,000","3,900,000","4,200,000","3,200,000","3,300,000","3,300,000","2,900,000","2,500,000","2,600,000","2,700,000","2,200,000","1,900,000","2,000,000","1,400,000","1,600,000","1,500,000","1,600,000","1,100,000","900,000","700,000","500,000","800,000","-1,400,000","900,000","600,000","1,100,000","1,200,000",,,,,,,,,,,,,,,,,
		NetIncomeIncludingNoncontrollingInterests,"-304,611,000","-280,005,000","-107,057,000","39,801,000","42,650,000","56,078,000","61,743,000","43,720,000","38,501,000","52,246,000","177,560,000","25,341,000","36,335,000","53,300,000","21,631,000","29,464,000","38,501,000","49,687,000","21,726,000","24,194,000","40,546,000","49,243,000","22,094,000","9,295,000","8,505,000","38,339,000","22,674,000","21,138,000","25,854,000","51,000,000","36,632,000","28,941,000","36,244,000","71,226,000","30,534,000","28,045,000","10,799,000","44,389,000","30,787,000","26,179,000","24,435,000","36,975,000","25,064,000","24,636,000","27,750,000","35,151,000","21,079,000","21,078,000","23,279,000","24,753,000","15,492,000","15,919,000","19,657,000","29,207,000","19,041,000","17,383,000","20,650,000","21,561,000","14,608,000","8,843,000","16,120,000","18,422,000","13,767,000","10,647,000","15,385,000","12,817,000","10,266,000","8,651,000","8,761,000","8,748,000","8,102,000","6,721,000","6,696,000","5,921,000","2,001,000","-1,961,000","4,967,000","7,329,000","6,348,000","6,706,000","6,929,000","7,278,000","6,240,000","6,108,000","6,575,000","6,679,000","5,738,000","4,906,000","5,554,000","5,286,000","4,646,000","4,805,000","4,633,000","4,312,000","3,493,000","3,800,000","3,900,000","4,200,000","3,200,000","3,300,000","3,300,000","2,900,000","2,500,000","2,600,000","2,700,000","2,200,000","1,900,000","2,000,000","1,400,000","1,600,000","1,500,000","1,600,000","1,100,000","900,000","700,000","500,000","800,000","-1,400,000","900,000","600,000","1,100,000","1,200,000","100,000","1,000,000","1,500,000","1,100,000","1,200,000","1,300,000","1,600,000","1,300,000","1,100,000","1,100,000","1,200,000","500,000","1,500,000","1,700,000","1,500,000","1,400,000","1,300,000"
			NetIncomeContinuousOperations,"-304,611,000","-280,005,000","-107,057,000","39,801,000","42,650,000","56,078,000","61,743,000","43,720,000","38,501,000","52,246,000","177,560,000","25,341,000","36,335,000","53,300,000","21,631,000","29,464,000","38,501,000","49,687,000","21,726,000","24,194,000","40,546,000","49,243,000","22,094,000","9,295,000","8,505,000","38,339,000","22,674,000","21,138,000","25,854,000","51,000,000","36,632,000","28,941,000","36,244,000","71,226,000","30,534,000","28,045,000","10,799,000","44,389,000","30,787,000","26,179,000","24,435,000","36,975,000","25,037,000","24,655,000","27,826,000","35,360,000","21,139,000","19,790,000","23,279,000","24,753,000","15,492,000","15,919,000","19,657,000","29,207,000","19,041,000","17,383,000","20,650,000","21,561,000","14,608,000","8,843,000","16,120,000","18,422,000","13,767,000","10,647,000","15,385,000","12,817,000","10,266,000","8,651,000","8,761,000","8,748,000","8,102,000","6,721,000","6,696,000","5,921,000","2,001,000","-1,961,000","4,967,000","7,329,000","6,348,000","6,706,000","6,929,000","7,278,000","6,240,000","6,108,000","6,575,000","6,679,000","5,738,000","4,906,000","5,554,000","5,286,000","4,646,000","4,805,000","4,633,000","4,312,000","3,493,000","3,800,000","3,900,000","4,200,000","3,200,000","3,300,000","3,300,000","2,900,000","2,500,000","2,600,000","2,700,000","2,200,000","1,900,000","2,000,000","1,400,000","1,600,000","1,500,000","1,600,000","1,100,000","900,000","700,000","500,000","800,000","-1,400,000","900,000","600,000","1,100,000","1,200,000","100,000","1,000,000","1,500,000","1,100,000","1,200,000","1,300,000","1,600,000","1,300,000","1,100,000","1,100,000","1,200,000","500,000","1,500,000","1,700,000","1,500,000","1,400,000","1,300,000"
			NetIncomeDiscontinuousOperations,,,,,,,,,,,,,,,,,,,,,,,,,,,,,,,,,,,,,,,"0","0","0","0","27,000","-19,000","-76,000","-209,000","-60,000","1,288,000",,,,,,,,,,,,,,,,,,,,,,,,,,,,,,,,,,,,,,,,,,,,,,,,,,,,,,,,,,,,,,,,,,,,,,,,,,,,,,,,,,,,,,,,,,,
DilutedNIAvailtoComStockholders,"-304,611,000","-280,005,000","-107,057,000","39,801,000","42,650,000","56,078,000","61,743,000","43,720,000","38,501,000","52,246,000","177,560,000","25,341,000","36,335,000","53,300,000","21,631,000","29,464,000","38,501,000","49,687,000","21,726,000","24,194,000","40,546,000","49,243,000","22,094,000","9,295,000","8,505,000","38,339,000","22,674,000","21,138,000","25,854,000","51,000,000","36,632,000","28,941,000","36,244,000","71,226,000","30,534,000","28,045,000","10,799,000","44,389,000","30,787,000","26,179,000","24,435,000","36,975,000","25,064,000","24,636,000","27,750,000","35,151,000","21,079,000","21,078,000","23,279,000","24,753,000","15,492,000","15,919,000","19,657,000","29,207,000","19,041,000","17,383,000","20,650,000","21,561,000","14,608,000","8,843,000","16,120,000","18,422,000","13,767,000","10,647,000","15,385,000","12,817,000","10,266,000","8,651,000","8,761,000","8,748,000","8,102,000","6,721,000","6,696,000","5,921,000","2,001,000","-1,961,000","4,967,000","7,329,000","6,348,000","6,706,000","6,929,000","7,278,000","6,240,000","6,108,000","6,575,000","6,679,000","5,738,000","4,906,000","5,554,000","5,286,000","4,646,000","4,805,000","4,633,000","4,312,000","3,493,000","3,800,000","3,900,000","4,200,000","3,200,000","3,300,000","3,300,000","2,900,000","2,500,000","2,600,000","2,700,000","2,200,000","1,900,000","2,000,000","1,400,000","1,600,000","1,500,000","1,600,000","1,100,000","900,000","700,000","500,000","800,000","-1,400,000","900,000","600,000","1,100,000","1,200,000",,,,,,,,,,,,,,,,,
BasicEPS,,"-4.19","-1.6","0.59","0.63","0.83","0.91","0.64","0.55","0.75","2.51","0.36","0.51","0.75","0.3","0.41","0.53","0.68","0.3","0.33","0.56","0.68","0.3","0.13","0.12","0.53","0.3","0.28","0.34","0.67","0.48","0.38","0.48","0.94",,"0.36","0.14","0.55",,"0.32","0.3","0.45",,"0.3","0.34","0.44",,"0.267","0.293","0.307",,"0.193","0.24","0.36",,"0.213","0.267","0.287",,"0.12","0.213","0.247",,"0.14","0.204","0.173",,"0.116","0.119","0.119",,"0.092","0.098","0.089",,"-0.03","0.074","0.11",,"0.101","0.104","0.11",,"0.089","0.098","0.098",,"0.068","0.08","0.083",,"0.074","0.071","0.065",,"0.059","0.062","0.065","0.047","0.05",,"0.044","0.039","0.042",,"0.039","0.033","0.036",,"0.03","0.04","0.044",,"0.027","0.018","0.013",,"-0.036","0.022","0.018",,"0.031","0.004","0.027",,"0.027","0.027","0.031",,"0.031","0.027","0.027",,"0.013","0.031","0.036",,"0.031","0.031"
DilutedEPS,,"-4.19","-1.6","0.58","0.62","0.82","0.89","0.62","0.54","0.73","2.46","0.35","0.51","0.74","0.3","0.4","0.53","0.68","0.3","0.33","0.56","0.68","0.3","0.13","0.12","0.53","0.3","0.28","0.34","0.67","0.48","0.38","0.47","0.92",,"0.36","0.13","0.55",,"0.32","0.3","0.45",,"0.3","0.34","0.433",,"0.26","0.287","0.307",,"0.193","0.24","0.353",,"0.213","0.26","0.28",,"0.113","0.213","0.24",,"0.14","0.204","0.169",,"0.116","0.119","0.119",,"0.092","0.095","0.086",,"-0.03","0.074","0.11",,"0.101","0.104","0.107",,"0.089","0.095","0.098",,"0.068","0.08","0.08",,"0.074","0.071","0.065",,"0.056","0.059","0.062","0.047","0.05",,"0.044","0.039","0.042",,"0.039","0.033","0.036",,"0.03","0.04","0.044",,"0.027","0.018","0.013",,"-0.036","0.022","0.018",,"0.031","0.004","0.027",,"0.027","0.027","0.031",,"0.031","0.027","0.027",,"0.013","0.031","0.036",,"0.031","0.031"
BasicAverageShares,,"66,822,000","66,908,000","67,400,000","67,687,000","67,294,000","67,959,000","68,819,000","69,645,000","70,105,000","70,607,000","70,746,000","70,686,000","71,318,000","71,423,000","72,608,000","72,761,000","72,634,000","72,596,000","72,586,000","72,572,000","72,517,000","72,482,000","72,340,000","72,246,000","72,467,000","75,227,000","76,101,000","75,901,000","75,760,000","75,556,000","75,828,000","75,927,000","75,971,000",,"77,133,000","79,686,000","80,089,000",,"81,070,000","81,479,000","81,399,000",,"81,366,000","81,175,500","80,647,500",,"80,034,000","79,893,000","80,238,000",,"81,325,500","81,286,500","81,241,500",,"80,983,500","77,830,500","75,277,500",,"74,791,500","74,688,000","74,650,500",,"74,566,500","74,448,000","73,986,750",,"73,615,500","73,264,500","73,186,875",,"73,089,000","68,691,375","67,203,000",,"67,361,625","67,199,625","67,061,250",,"66,939,750","66,791,250","67,162,500",,"67,695,537","67,567,417","68,157,450",,"71,110,996","68,777,829","63,942,915",,"65,908,573","65,554,554","67,381,977",,"64,060,779","62,615,732","64,367,158","67,432,778","65,449,353",,"65,185,141","64,838,509","62,616,402",,"57,057,888","58,236,953","56,193,455",,"53,945,919","35,965,832","35,965,832",,"33,718,810","39,337,629","37,464,409",,"39,338,366","40,462,774","33,717,968",,"38,535,645",,,,,,,,,,,,,,,,,
DilutedAverageShares,,"66,822,000","66,908,000","68,652,000","68,793,000","68,773,000","69,408,000","70,139,000","70,837,000","72,018,000","72,314,000","72,095,000","71,697,000","72,386,000","72,365,000","73,199,000","73,279,000","73,217,000","73,274,000","73,076,000","72,965,000","72,855,000","72,753,000","72,660,000","72,598,000","72,884,000","75,752,000","76,676,000","76,589,000","76,574,000","76,402,000","76,918,000","76,979,000","77,032,000",,"78,340,000","80,899,000","81,096,000",,"81,695,000","82,309,000","82,148,000",,"82,050,000","82,074,000","81,549,000",,"81,328,500","81,114,000","81,234,000",,"82,573,500","82,597,500","82,488,000",,"82,150,500","79,057,500","76,627,500",,"76,266,000","76,161,000","76,120,500",,"76,021,500","75,786,750","75,388,500",,"75,204,000","74,442,375","74,054,250",,"74,182,500","70,068,375","68,148,000",,"67,361,625","67,975,875","67,749,750",,"67,290,750","67,179,375","67,807,125",,"68,757,600","68,932,924","68,929,554",,"72,516,964","70,375,981","65,638,843",,"65,908,573","65,554,554","67,381,977",,"67,432,479","65,746,589","67,432,327","67,432,778","65,449,353",,"65,185,141","64,838,509","62,616,402",,"57,057,888","58,236,953","56,193,455",,"53,945,919","35,965,832","35,965,832",,"33,718,810","39,337,629","37,464,409",,"39,338,366","40,462,774","33,717,968",,"38,535,645",,,,,,,,,,,,,,,,,
TotalOperatingIncomeAsReported,"-376,876,000","-408,895,000","-83,330,000","55,503,000","59,846,000","73,855,000","88,327,000","57,286,000","73,931,000","70,064,000","64,515,000","42,689,000","61,006,000","86,489,000","37,735,000","50,809,000","68,152,000","85,980,000","40,577,000","43,009,000","67,543,000","84,812,000","40,822,000","20,310,000","16,817,000","61,894,000","33,934,000","30,198,000","41,125,000","81,801,000","57,862,000","46,665,000","58,590,000","115,029,000","48,739,000","45,092,000","17,627,000","71,919,000","49,810,000","42,085,000","39,329,000","59,562,000",,,,,"35,558,000","34,630,000","40,044,000","42,814,000","27,491,000","27,493,000","33,571,000","48,769,000","32,633,000","29,539,000","34,414,000","37,853,000","26,408,000","15,849,000","27,381,000","31,218,000","22,910,000","18,901,000","26,194,000","21,914,000","17,557,000","15,194,000","15,379,000","15,495,000","28,547,000","6,764,000","11,736,000","10,623,000","4,424,000","-1,443,000","9,702,000","13,430,000","11,857,000","12,212,000","12,494,000","12,968,000","19,387,000","7,991,000","9,044,000","8,985,000","7,414,000","6,588,000","7,887,000","8,037,000","6,764,000","7,200,000","7,150,000","6,523,000","9,828,000","5,900,000","6,200,000","7,500,000","5,500,000","5,500,000","6,000,000","4,700,000","4,300,000","4,600,000","5,100,000","4,000,000","3,300,000","3,500,000","3,300,000","2,900,000","2,500,000","2,600,000","1,700,000","1,700,000","1,300,000","1,000,000","1,900,000","-1,800,000","1,900,000","1,300,000","2,100,000","2,400,000",,,,,,,,,,,,,,,,,
RentExpenseSupplemental,"229,609,000","57,493,000","55,411,000","59,264,000","57,441,000","58,128,000","58,524,000","56,860,000","53,703,000","54,217,000","51,173,000","51,590,000","48,507,000","48,368,000","51,418,000","51,805,000","52,005,000","53,484,000",,,,,,,,,,,,,,,,,,,,,,,,,,,,,,,,,,,,,,,,,,,,,,,,,,,,,,,,,,,,,,,,,,,,,,,,,,,,,,,,,,,,,,,,,,,,,,,,,,,,,,,,,,,,,,,,,,,,,,,,,
TotalExpenses,"3,654,039,000","958,279,000","1,027,134,000","834,084,000","832,003,000","867,744,000","792,843,000","776,380,000","757,916,000","792,910,000","726,849,000","700,646,000","672,497,000","695,524,000","669,918,000","641,532,000","664,050,000","713,331,000","518,589,000","725,647,000","701,229,000","738,462,000","720,427,000","680,204,000","647,960,000","524,206,000","512,450,000","495,860,000","495,939,000","513,340,000","510,601,000","482,845,000","479,259,000","505,677,000","473,064,000","438,426,000","464,401,000","460,072,000","433,938,000","409,337,000","404,826,000","434,864,000","405,565,000","379,250,000","371,796,000","415,438,000","369,336,000","353,389,000","371,147,000","394,517,000","361,120,000","331,888,000","325,414,000","339,165,000","307,236,000","288,170,000","287,313,000","309,434,000","269,744,000","262,818,000","243,957,000","248,130,000","219,143,000","212,747,000","204,092,000","220,579,000","191,833,000","173,212,000","162,362,000","175,765,000","160,770,000","146,033,000","139,426,000","146,040,000","135,561,000","133,959,000","123,061,000","127,987,000","118,931,000","112,638,000","109,416,000","112,404,000","104,889,000","98,466,000","95,887,000","92,710,000","87,104,000","87,025,000","83,790,000","82,988,000","71,909,000","67,433,000","68,920,000","68,531,000","63,817,000","64,100,000","60,400,000","57,200,000","53,000,000","53,000,000","53,200,000","51,200,000","52,400,000","50,600,000","48,100,000","41,500,000","39,700,000","38,800,000","38,300,000","34,600,000","35,800,000","35,900,000","37,700,000","31,000,000","34,600,000","33,800,000","34,900,000","36,100,000","33,200,000","34,000,000","34,400,000","31,700,000",,,,,,,,,,,,,,,,,
NetIncomeFromContinuingAndDiscontinuedOperation,"-304,611,000","-280,005,000","-107,057,000","39,801,000","42,650,000","56,078,000","61,743,000","43,720,000","38,501,000","52,246,000","177,560,000","25,341,000","36,335,000","53,300,000","21,631,000","29,464,000","38,501,000","49,687,000","21,726,000","24,194,000","40,546,000","49,243,000","22,094,000","9,295,000","8,505,000","38,339,000","22,674,000","21,138,000","25,854,000","51,000,000","36,632,000","28,941,000","36,244,000","71,226,000","30,534,000","28,045,000","10,799,000","44,389,000","30,787,000","26,179,000","24,435,000","36,975,000","25,064,000","24,636,000","27,750,000","35,151,000","21,079,000","21,078,000","23,279,000","24,753,000","15,492,000","15,919,000","19,657,000","29,207,000","19,041,000","17,383,000","20,650,000","21,561,000","14,608,000","8,843,000","16,120,000","18,422,000","13,767,000","10,647,000","15,385,000","12,817,000","10,266,000","8,651,000","8,761,000","8,748,000","8,102,000","6,721,000","6,696,000","5,921,000","2,001,000","-1,961,000","4,967,000","7,329,000","6,348,000","6,706,000","6,929,000","7,278,000","6,240,000","6,108,000","6,575,000","6,679,000","5,738,000","4,906,000","5,554,000","5,286,000","4,646,000","4,805,000","4,633,000","4,312,000","3,493,000","3,800,000","3,900,000","4,200,000","3,200,000","3,300,000","3,300,000","2,900,000","2,500,000","2,600,000","2,700,000","2,200,000","1,900,000","2,000,000","1,400,000","1,600,000","1,500,000","1,600,000","1,100,000","900,000","700,000","500,000","800,000","-1,400,000","900,000","600,000","1,100,000","1,200,000",,,,,,,,,,,,,,,,,
NormalizedIncome,"285,740,913.79","92,852,620.647","-63,403,000","96,951,170","99,945,292","112,340,192","146,026,856.368","141,393,290","127,905,700","124,152,805","233,517,800","87,065,008","88,740,958","93,638,945","80,117,370.509","79,357,291","74,506,130","84,024,268","187,314,393.194","23,557,156","40,720,510","48,318,820","21,121,381.24","14,258,200","13,353,591","37,911,136","23,726,904.224","30,759,200","35,454,000","51,000,000","36,632,000","28,941,000","36,244,000","49,244,386.668","30,534,000","28,045,000","10,799,000","44,389,000","30,787,000","26,179,000","24,435,000","36,975,000","25,037,000","24,655,000","27,826,000","35,360,000","21,139,000","19,790,000","23,279,000","22,369,591.198","15,492,000","15,919,000","19,657,000","29,207,000","16,349,858.796","16,137,716.489","20,650,000","21,561,000","14,608,000","8,843,000","16,120,000","18,422,000","13,767,000","10,647,000","15,385,000","8,390,535.835","10,266,000","8,651,000","8,761,000","8,748,000","8,102,000","3,545,392.07","6,696,000","5,921,000","2,001,000","-1,961,000","4,967,000","7,329,000","6,348,000","6,706,000","6,929,000","7,278,000","6,240,000","4,297,901.014","5,067,983.985","5,063,002.969","4,138,544.719","3,519,561.589","4,237,292.629","4,199,568.664","3,497,530.133","3,826,689.078","3,783,494.874","3,443,509.605","3,493,000","3,064,516.129","3,290,625","4,200,000","2,886,274.51","2,926,415.094","2,994,444.444","2,529,787.234","2,195,121.951","2,358,139.535","2,580,000","2,080,000","1,660,000","1,820,000","1,220,000","1,360,000","1,260,000","1,300,000","733,333.333","660,000","445,454.545","250,000","620,000","-1,643,478.261","660,000","300,000","794,444.444","900,000",,,,,,,,,,,,,,,,,
InterestIncome,"1,881,000","192,000","385,000","360,000","944,000","101,000","80,000","18,000","154,000","202,000","139,000","344,000","378,000","974,000","903,000","868,000","507,000","421,000","471,000","483,000","792,000","439,000","460,000","634,000","1,074,000","753,000","757,000","719,000","770,000","752,000","833,000","932,000",,,,,,,,,,,,,,,,,,,,,,,,,,,,,,,,,,,,,,,,,,,,,,,,,,,,,,,,,,,,,,,,,,,,,,,,,,,,,,,,,,,,,,,,,,,,,,,,,,,,,,,,,,,
InterestExpense,"15,810,000","3,799,000","3,720,000","3,991,000","4,300,000","4,956,000","4,572,000","3,735,000","3,807,000","4,326,000","4,464,000","4,707,000","5,552,000","5,815,000","5,429,000","5,745,000","5,904,000","6,312,000","6,224,000","5,524,000","5,622,000","5,969,000","6,041,000","6,162,000","5,479,000","1,533,000","1,097,000","1,497,000","1,508,000","1,511,000","1,503,000","1,553,000","1,666,000","1,670,000","1,686,000","1,677,000","672,000","674,000","681,000","728,000","844,000","843,000","849,000","1,010,000","1,164,000","1,276,000",,,,,,,,,,,,,,,,,,,,,,,,,,,,,,,,,,,,,,,,,,,,,,,,,,,,,,,,,,,,,,,,,,,,,,,,,,,,,,,,,,,,,,,,,,,,,
NetInterestIncome,"-13,929,000","-3,607,000","-3,335,000","-3,631,000","-3,356,000","-4,855,000","-4,492,000","-3,717,000","-3,653,000","-4,124,000","-4,325,000","-4,363,000","-5,174,000","-4,841,000","-4,526,000","-4,877,000","-5,397,000","-5,891,000","-5,753,000","-5,041,000","-4,830,000","-5,530,000","-5,581,000","-5,528,000","-4,405,000","-780,000","-340,000","-778,000","-738,000","-759,000","-670,000","-621,000","-1,666,000","-1,670,000","-1,686,000","-1,677,000","-672,000","-674,000","-681,000","-728,000","-844,000","-843,000","-849,000","-1,010,000","-1,164,000","-1,276,000",,,,,,,,,,,,,,,,,,,,,,,,,,,,,,,,,,,,,,,,,,,,,,,,,,,,,,,,,,,,,,,,,,,,,,,,,,,,,,,,,,,,,,,,,,,,,
EBIT,"-376,163,000","-410,654,000","-82,284,000","55,656,000","61,119,000","75,264,000","86,629,000","57,150,000","53,787,000","71,078,000","65,202,000","43,928,000","62,547,000","88,438,000","37,717,000","51,027,000","67,028,000","86,040,000","40,604,000","42,080,000","69,976,000","83,799,000","40,274,000","19,361,000","19,041,000","62,243,000","35,208,000","30,917,000","41,895,000","82,553,000","58,695,000","47,597,000","60,256,000","116,699,000","50,425,000","46,769,000","18,299,000","72,593,000","50,491,000","42,813,000","40,173,000","60,405,000","40,703,000","36,009,000","45,514,000","58,512,000","35,558,000","34,630,000","40,044,000","42,814,000","27,491,000","27,493,000","33,571,000","48,769,000","32,633,000","29,539,000","34,414,000","37,853,000","26,408,000","15,849,000","27,381,000","31,218,000","22,910,000","18,901,000","26,194,000","21,914,000","17,557,000","15,194,000","15,379,000","15,495,000","28,547,000","6,764,000","11,736,000","10,623,000","4,424,000","-1,443,000","9,702,000","13,430,000","11,857,000","12,212,000","12,494,000","12,968,000","19,387,000","7,991,000","9,044,000","8,985,000","7,414,000","6,588,000","7,887,000","8,037,000","6,764,000","7,200,000","7,150,000","6,523,000","9,828,000","5,900,000","6,200,000","7,500,000","5,500,000","5,500,000","6,000,000","4,700,000","4,300,000","4,600,000","5,100,000","4,000,000","3,300,000","3,500,000","3,300,000","2,900,000","2,500,000","2,600,000","1,700,000","1,700,000","1,300,000","1,000,000","1,900,000","-1,800,000","1,900,000","1,300,000","2,100,000","2,400,000","35,700,000","36,200,000","-99,300,000","35,800,000","37,500,000","37,500,000","-83,600,000","33,800,000","30,800,000","30,500,000","-75,000,000","28,800,000","29,100,000","29,300,000","-69,800,000","26,700,000","28,000,000"
EBITDA,"1,796,548,000"
ReconciledCostOfRevenue,"59,069,000","12,583,000","16,289,000","13,036,000","42,963,000","37,828,000","32,822,000","24,759,000","28,748,000","31,567,000","49,272,000","34,158,000","46,096,000","46,836,000","63,667,000","43,773,000","47,663,000","57,707,000","98,301,000","58,201,000","61,500,000","74,612,000","81,648,000","51,745,000","57,746,000","77,859,000","88,888,000","68,487,000","70,337,000","77,171,000","106,904,000","67,853,000","80,380,000","99,156,000","97,181,000","71,149,000","70,320,000","85,001,000","91,758,000","68,849,000","63,101,000","84,796,000","83,799,000","57,766,000","57,178,000","82,301,000","45,190,000","101,279,000","58,148,000","77,718,000","68,582,000","52,911,000","51,197,000","65,611,000","59,227,000","46,408,000","46,537,000","64,835,000","52,959,000","43,271,000","41,436,000","46,694,000","42,267,000","39,409,000","34,613,000","48,567,000","40,802,000","30,569,000","29,921,000","41,599,000","39,602,000","27,479,000","23,535,000","29,267,000","24,367,000","20,673,000","19,928,000","25,370,000","24,597,000","22,543,000","20,730,000","24,823,000","24,275,000","19,554,000","16,878,000","16,576,000","13,731,000","12,774,000","12,839,000","13,754,000","13,335,000","11,610,000","9,718,000","14,914,000","7,512,000","14,100,000","9,400,000","8,800,000","9,800,000","7,600,000","8,200,000","7,900,000","9,000,000","8,500,000","9,100,000","8,000,000","8,400,000","9,700,000","7,700,000","8,800,000","10,100,000","10,900,000","11,000,000","7,400,000","10,400,000","9,700,000","11,800,000","11,100,000","11,700,000","11,700,000","11,300,000","10,200,000",,,,,,,,,,,,,,,,,
ReconciledDepreciation,"2,172,711,000","622,674,000","533,113,000","514,756,000","476,366,000","553,184,000","463,309,000","458,732,000","437,890,000","462,123,000","396,957,000","386,548,000","365,060,000","382,638,000","337,683,000","337,763,000","342,182,000","369,045,000","320,811,000","321,932,000","314,174,000","335,930,000","293,701,000","285,886,000","256,674,000","181,973,000","165,013,000","169,116,000","168,761,000","182,215,000","161,209,000","167,307,000","161,306,000","171,611,000","149,754,000","148,958,000","146,191,000","158,661,000","135,941,000","134,467,000","135,515,000","143,609,000","125,660,000","128,044,000","129,047,000","136,620,000","147,793,000","76,701,000","122,102,000","124,797,000","112,645,000","109,872,000","110,480,000","111,877,000","98,819,000","98,161,000","97,958,000","100,643,000","86,863,000","83,544,000","80,919,000","81,805,000","69,973,000","68,474,000","68,821,000","69,919,000","58,754,000","54,532,000","51,064,000","51,047,000","45,794,000","45,370,000","44,237,000","43,639,000","41,845,000","38,225,000","37,415,000","36,063,000","35,049,000","33,802,000","33,092,000","31,166,000","28,963,000","27,563,000","28,807,000","27,413,000","25,819,000","25,426,000","23,818,000","23,027,000","19,778,000","19,027,000","22,116,000","16,566,000","22,593,000","14,600,000","17,200,000","16,300,000","13,500,000","15,400,000","15,500,000","14,400,000","15,000,000","13,900,000","12,100,000","10,800,000","9,600,000","8,500,000","9,700,000","6,500,000","6,700,000","6,500,000","6,500,000","5,900,000","5,300,000","5,200,000","5,100,000","5,200,000","3,600,000","3,400,000","4,700,000","3,400,000",,,,,,,,,,,,,,,,,
NetIncomeFromContinuingOperationNetMinorityInterest,"-304,611,000","-280,005,000","-107,057,000","39,801,000","42,650,000","56,078,000","61,743,000","43,720,000","38,501,000","52,246,000","177,560,000","25,341,000","36,335,000","53,300,000","21,631,000","29,464,000","38,501,000","49,687,000","21,726,000","24,194,000","40,546,000","49,243,000","22,094,000","9,295,000","8,505,000","38,339,000","22,674,000","21,138,000","25,854,000","51,000,000","36,632,000","28,941,000","36,244,000","71,226,000","30,534,000","28,045,000","10,799,000","44,389,000","30,787,000","26,179,000","24,435,000","36,975,000","25,037,000","24,655,000","27,826,000","35,360,000","21,139,000","19,790,000","23,279,000","24,753,000","15,492,000","15,919,000","19,657,000","29,207,000","19,041,000","17,383,000","20,650,000","21,561,000","14,608,000","8,843,000","16,120,000","18,422,000","13,767,000","10,647,000","15,385,000","12,817,000","10,266,000","8,651,000","8,761,000","8,748,000","8,102,000","6,721,000","6,696,000","5,921,000","2,001,000","-1,961,000","4,967,000","7,329,000","6,348,000","6,706,000","6,929,000","7,278,000","6,240,000","6,108,000","6,575,000","6,679,000","5,738,000","4,906,000","5,554,000","5,286,000","4,646,000","4,805,000","4,633,000","4,312,000","3,493,000","3,800,000","3,900,000","4,200,000","3,200,000","3,300,000","3,300,000","2,900,000","2,500,000","2,600,000","2,700,000","2,200,000","1,900,000","2,000,000","1,400,000","1,600,000","1,500,000","1,600,000","1,100,000","900,000","700,000","500,000","800,000","-1,400,000","900,000","600,000","1,100,000","1,200,000",,,,,,,,,,,,,,,,,
TotalUnusualItemsExcludingGoodwill,"-759,664,000","-551,890,000","-59,800,000","-74,221,000","-76,292,000","-70,504,000","-112,014,000","-119,405,000","-116,110,000","-91,835,000","-93,263,000","-95,548,000","-82,141,000","-62,541,000","-87,301,000","-76,641,000","-57,151,000","-55,116,000","-262,033,000","962,000","-277,000","1,460,000","1,507,000","-7,050,000","-7,733,000","677,000","-1,584,000","-13,400,000","-15,000,000","0","0","0","0","35,500,000",,,,,,,,,,,,,,,,"3,888,000",,,,,"4,348,000","1,979,000",,,,,,,,,,"7,151,000",,,,,,"5,041,000",,,,,,,,,,,,"2,922,000","2,433,000","2,608,000","2,618,000","2,269,000","2,155,000","1,784,000","1,895,000","1,605,000","1,395,000","1,426,000",,"1,200,000","1,000,000",,"500,000","600,000","500,000","600,000","500,000","400,000","200,000","200,000","400,000","300,000","300,000","400,000","400,000","500,000","600,000","400,000","400,000","400,000","300,000","400,000","400,000","500,000","500,000","500,000",,,,,,,,,,,,,,,,,
TotalUnusualItems,"-759,664,000","-551,890,000","-59,800,000","-74,221,000","-76,292,000","-70,504,000","-112,014,000","-119,405,000","-116,110,000","-91,835,000","-93,263,000","-95,548,000","-82,141,000","-62,541,000","-87,301,000","-76,641,000","-57,151,000","-55,116,000","-262,033,000","962,000","-277,000","1,460,000","1,507,000","-7,050,000","-7,733,000","677,000","-1,584,000","-13,400,000","-15,000,000","0","0","0","0","35,500,000",,,,,,,,,,,,,,,,"3,888,000",,,,,"4,348,000","1,979,000",,,,,,,,,,"7,151,000",,,,,,"5,041,000",,,,,,,,,,,,"2,922,000","2,433,000","2,608,000","2,618,000","2,269,000","2,155,000","1,784,000","1,895,000","1,605,000","1,395,000","1,426,000",,"1,200,000","1,000,000",,"500,000","600,000","500,000","600,000","500,000","400,000","200,000","200,000","400,000","300,000","300,000","400,000","400,000","500,000","600,000","400,000","400,000","400,000","300,000","400,000","400,000","500,000","500,000","500,000",,,,,,,,,,,,,,,,,
NormalizedEBITDA,"2,556,212,000","763,910,000","510,629,000","644,633,000","622,141,000","698,952,000","661,952,000","635,287,000","607,787,000","625,036,000","555,422,000","526,024,000","509,748,000","533,617,000","462,701,000","465,431,000","466,361,000","510,201,000","623,448,000","363,050,000","384,427,000","418,269,000","332,468,000","312,297,000","283,448,000","243,539,000","201,805,000","213,433,000","225,656,000","264,768,000","219,904,000","214,904,000","221,562,000","252,810,000","200,179,000","195,727,000","164,490,000","231,254,000","186,432,000","177,280,000","175,688,000","204,014,000","166,363,000","164,053,000","174,561,000","195,132,000","183,351,000","141,592,000","162,146,000","163,723,000","140,136,000","137,365,000","144,051,000","160,646,000","127,104,000","125,721,000","132,372,000","138,496,000","113,271,000","99,393,000","108,300,000","113,023,000","92,883,000","87,375,000","95,015,000","84,682,000","76,311,000","69,726,000","66,443,000","66,542,000","74,341,000","47,093,000","55,973,000","54,262,000","46,269,000","36,782,000","47,117,000","49,493,000","46,906,000","46,014,000","45,586,000","44,134,000","48,350,000","32,632,000","35,418,000","33,790,000","30,615,000","29,745,000","29,550,000","29,280,000","24,647,000","24,622,000","27,871,000","22,711,000","32,421,000","21,400,000","22,400,000","23,800,000","18,900,000","20,300,000","21,000,000","19,100,000","18,800,000","18,100,000","17,000,000","14,600,000","12,500,000","11,700,000","12,700,000","9,000,000","8,800,000","8,600,000","7,600,000","7,300,000","6,200,000","5,800,000","6,700,000","3,000,000","5,100,000","4,200,000","6,300,000","5,300,000","35,700,000","36,200,000","-99,300,000","35,800,000","37,500,000","37,500,000","-83,600,000","33,800,000","30,800,000","30,500,000","-75,000,000","28,800,000","29,100,000","29,300,000","-69,800,000","26,700,000","28,000,000"
TaxRateForCalcs,"0.223","0.324","0.27","0.23","0.249","0.202","0.248","0.182","0.23","0.217","0.4","0.354","0.362","0.355","0.33","0.349","0.37","0.377","0.368","0.338","0.37","0.367","0.355","0.296","0.373","0.368","0.335","0.282","0.36","0.371","0.359","0.371","0.381","0.381","0.374","0.378","0.387","0.383","0.382","0.378","0.379","0.379","0.372","0.296","0.373","0.382","0.384","0.389","0.382","0.387","0.38","0.371","0.379","0.377","0.381","0.371","0.348","0.377","0.38","0.345","0.371","0.378","0.354","0.393","0.383","0.381","0.37","0.37","0.37","0.371","0.37","0.37","0.372","0.374","0.377","0.379","0.379","0.379","0.377","0.379","0.38","0.38","0.379","0.381","0.381","0.38","0.389","0.389","0.389","0.391","0.394","0.39","0.391","0.391","0.396","0.387","0.391","0.382","0.373","0.377","0.389","0.383","0.39","0.395","0.4","0.4","0.4","0.4","0.4","0.4","0.4","0.4","0.389","0.4","0.364","0.375","0.4","0.391","0.4","0.4","0.389","0.4",,,,,,,,,,,,,,,,,
TaxEffectOfUnusualItems,"-169,312,086.21","-179,032,379.353","-16,146,000","-17,070,830","-18,996,708","-14,241,808","-27,730,143.632","-21,731,710","-26,705,300","-19,928,195","-37,305,200","-33,823,992","-29,735,042","-22,202,055","-28,814,629.491","-26,747,709","-21,145,870","-20,778,732","-96,444,606.806","325,156","-102,490","535,820","534,381.24","-2,086,800","-2,884,409","249,136","-531,095.776","-3,778,800","-5,400,000","0","0","0","0","13,518,386.668","0","0","0","0","0","0","0","0","0","0","0","0","0","0","0","1,504,591.198","0","0","0","0","1,656,858.796","733,716.489","0","0","0","0","0","0","0","0","0","2,724,535.835","0","0","0","0","0","1,865,392.07","0","0","0","0","0","0","0","0","0","0","0","1,111,901.014","925,983.985","992,002.969","1,018,544.719","882,561.589","838,292.629","697,568.664","746,530.133","626,689.078","545,494.874","557,509.605","0","464,516.129","390,625","0","186,274.51","226,415.094","194,444.444","229,787.234","195,121.951","158,139.535","80,000","80,000","160,000","120,000","120,000","160,000","160,000","200,000","233,333.333","160,000","145,454.545","150,000","120,000","156,521.739","160,000","200,000","194,444.444","200,000",,,,,,,,,,,,,,,,,