name,ttm,12/31/2019,12/31/2018,12/31/2017,12/31/2016,12/31/2015,12/31/2014,12/31/2013,12/31/2012,12/31/2011,12/31/2010,12/31/2009,12/31/2008,12/31/2007,12/31/2006,12/31/2005,12/31/2004,12/31/2003,12/31/2002,12/31/2001,12/31/2000,12/31/1999
TotalRevenue,"27,347,000,000","27,978,000,000","27,662,000,000","34,312,000,000","33,828,000,000","35,481,000,000","39,830,000,000","41,848,000,000","39,336,000,000","37,990,000,000","31,589,000,000","31,795,000,000","34,912,000,000","29,183,000,000","24,412,000,000","22,442,000,000","20,721,000,000","18,795,000,000","18,295,000,000","23,726,000,000","22,967,000,000","24,356,000,000"
	OperatingRevenue,"27,347,000,000","27,978,000,000","27,662,000,000","34,312,000,000","33,828,000,000","35,481,000,000","39,830,000,000","41,848,000,000","39,336,000,000","37,990,000,000","31,589,000,000","31,795,000,000","34,912,000,000","29,183,000,000","24,412,000,000","22,442,000,000","20,721,000,000","18,795,000,000","18,295,000,000","23,726,000,000","22,967,000,000","24,356,000,000"
CostOfRevenue,"18,740,000,000","19,072,000,000","19,118,000,000","24,046,000,000","24,081,000,000","25,347,000,000","28,615,000,000","29,856,000,000","27,958,000,000","26,556,000,000","22,060,000,000","22,470,000,000","23,972,000,000","20,215,000,000","17,541,000,000","16,830,000,000","15,757,000,000","14,080,000,000","13,769,000,000","18,708,000,000","17,222,000,000","18,457,000,000"
GrossProfit,"8,607,000,000","8,906,000,000","8,544,000,000","10,266,000,000","9,747,000,000","10,134,000,000","11,215,000,000","11,992,000,000","11,378,000,000","11,434,000,000","9,529,000,000","9,325,000,000","10,940,000,000","8,968,000,000","6,871,000,000","5,612,000,000","4,964,000,000","4,715,000,000","4,526,000,000","5,018,000,000","5,745,000,000","5,899,000,000"
OperatingExpense,"6,516,000,000","6,645,000,000","6,442,000,000","6,972,000,000","6,649,000,000","6,980,000,000","7,566,000,000","7,564,000,000","7,220,000,000","6,767,000,000","5,711,000,000","5,199,000,000","5,822,000,000","4,975,000,000","4,434,000,000","3,922,000,000","3,831,000,000","3,870,000,000","4,074,000,000","4,633,000,000","4,636,000,000","4,682,000,000"
	SellingGeneralAndAdministration,"5,344,000,000","5,447,000,000","5,295,000,000","5,607,000,000","5,349,000,000","5,574,000,000","6,067,000,000","6,094,000,000","5,756,000,000","5,373,000,000","4,615,000,000","5,528,000,000","5,822,000,000","4,975,000,000","4,434,000,000","3,922,000,000","3,786,000,000","3,830,000,000","4,033,000,000","4,397,000,000","4,417,000,000","4,682,000,000"
		GeneralAndAdministrativeExpense,,"2,064,000,000","2,067,000,000","2,022,000,000","1,869,000,000","1,845,000,000","2,013,000,000","2,023,000,000","1,894,000,000",,,,,,,,,,,,,
			OtherGandA,,"2,064,000,000","2,067,000,000","2,022,000,000","1,869,000,000","1,845,000,000","2,013,000,000","2,023,000,000","1,894,000,000",,,,,,,,,,,,,
		SellingAndMarketingExpense,,"3,383,000,000","3,228,000,000","3,585,000,000","3,480,000,000","3,729,000,000","4,054,000,000","4,071,000,000","3,862,000,000",,,,,,,,,,,,,
	ResearchAndDevelopment,"1,172,000,000","1,198,000,000","1,147,000,000","1,365,000,000","1,300,000,000","1,406,000,000","1,499,000,000","1,470,000,000","1,464,000,000","1,371,000,000","1,082,000,000",,,,,,,,,,,
	DepreciationAmortizationDepletionIncomeStatement,,,,,,,,,,,,,,,,,"45,000,000","40,000,000","41,000,000","236,000,000","219,000,000","189,000,000"
		DepreciationAndAmortizationInIncomeStatement,,,,,,,,,,,,,,,,,"45,000,000","40,000,000","41,000,000","236,000,000","219,000,000","189,000,000"
			Amortization,,,,,,,,,,,,,,,,,"45,000,000","40,000,000","41,000,000","236,000,000","219,000,000","189,000,000"
				AmortizationOfIntangiblesIncomeStatement,,,,,,,,,,,,,,,,,"45,000,000","40,000,000","41,000,000","236,000,000","219,000,000","189,000,000"
	OtherOperatingExpenses,,,,,,,,,,"23,000,000","14,000,000","-329,000,000",,,,,,,,,,"-189,000,000"
OperatingIncome,"2,091,000,000","2,261,000,000","2,102,000,000","3,294,000,000","3,098,000,000","3,154,000,000","3,649,000,000","4,428,000,000","4,158,000,000","4,667,000,000","3,818,000,000","4,126,000,000","5,118,000,000","3,993,000,000","2,437,000,000","1,690,000,000","1,133,000,000","845,000,000","452,000,000","385,000,000","1,109,000,000","1,217,000,000"
NetNonOperatingInterestIncomeExpense,"-109,000,000","-148,000,000","-190,000,000","-203,000,000","-188,000,000","-209,000,000","-282,000,000","-321,000,000","-220,000,000","-117,000,000","-78,000,000","-6,000,000",,,,,,,,,,
	InterestIncomeNonOperating,"66,000,000","67,000,000","72,000,000","74,000,000","73,000,000","77,000,000","80,000,000","69,000,000","73,000,000","90,000,000","95,000,000","121,000,000",,,,,,,,,,
	InterestExpenseNonOperating,"175,000,000","215,000,000","262,000,000","277,000,000","261,000,000","286,000,000","362,000,000","390,000,000","293,000,000","207,000,000","173,000,000","127,000,000",,,,,,,,,,
OtherIncomeExpense,"-285,000,000","-251,000,000","207,000,000","140,000,000","-111,000,000","-105,000,000","529,000,000","-41,000,000","-100,000,000",,"-14,000,000","329,000,000","-566,000,000","30,000,000","149,000,000","52,000,000","-49,000,000","-189,000,000","-58,000,000","-106,000,000","276,000,000","94,000,000"
	EarningsFromEquityInterest,,"30,000,000","41,000,000","-61,000,000","44,000,000","-11,000,000","40,000,000","18,000,000","37,000,000",,,,,,,,,,,,,
	SpecialIncomeCharges,,"-353,000,000","83,000,000","201,000,000","-155,000,000","-94,000,000","489,000,000","-59,000,000","-137,000,000",,"-14,000,000","329,000,000","-566,000,000","30,000,000","149,000,000","52,000,000","-49,000,000","-189,000,000","-58,000,000","-106,000,000","276,000,000","94,000,000"
		RestructuringAndMergernAcquisition,,"69,000,000","37,000,000","49,000,000","49,000,000","67,000,000","37,000,000","45,000,000","54,000,000",,,,,,,,,,,,,
		WriteOff,,"61,000,000","36,000,000","29,000,000","61,000,000","33,000,000","34,000,000","29,000,000","111,000,000",,,,,,,,,,,,,
		OtherSpecialCharges,,"329,000,000","-18,000,000","9,000,000","73,000,000",,,,,,,,,,,,,,,,,
		GainOnSaleOfBusiness,,"55,000,000","88,000,000","252,000,000","-10,000,000","-20,000,000","543,000,000",,,,,,,,,,,,,,,
		GainOnSaleOfPPE,,"51,000,000","50,000,000","36,000,000","38,000,000","26,000,000","17,000,000","15,000,000","28,000,000",,,,,,,,,,,,,
	OtherNonOperatingIncomeExpenses,"38,000,000","72,000,000","83,000,000","140,000,000","-38,000,000",,"529,000,000","-41,000,000","-100,000,000",,,,,,,,,,,,,
PretaxIncome,"1,697,000,000","1,862,000,000","2,119,000,000","3,231,000,000","2,799,000,000","2,840,000,000","3,896,000,000","4,066,000,000","3,838,000,000","4,550,000,000","3,740,000,000","4,120,000,000","4,518,000,000","4,010,000,000","2,433,000,000","1,496,000,000","861,000,000","164,000,000","180,000,000","-25,000,000","1,258,000,000","1,022,000,000"
TaxProvision,"696,000,000","772,000,000","544,000,000","860,000,000","781,000,000","788,000,000","1,202,000,000","1,122,000,000","1,030,000,000","1,244,000,000","1,018,000,000","1,001,000,000","1,119,000,000","595,000,000","697,000,000","482,000,000","311,000,000","78,000,000","83,000,000","105,000,000","377,000,000","343,000,000"
NetIncomeCommonStockholders,"1,280,000,000","1,439,000,000","2,173,000,000","2,213,000,000","1,899,000,000","1,933,000,000","2,594,000,000","2,787,000,000","2,704,000,000","3,168,000,000","2,561,000,000","2,901,000,000","3,118,000,000","3,757,000,000","1,390,000,000","735,000,000","-35,000,000","-767,000,000","-783,000,000","-691,000,000","1,443,000,000","1,360,000,000"
	NetIncome,"1,280,000,000","1,439,000,000","2,173,000,000","2,213,000,000","1,899,000,000","1,933,000,000","2,594,000,000","2,787,000,000","2,704,000,000","3,168,000,000","2,561,000,000","2,901,000,000","3,118,000,000","3,757,000,000","1,390,000,000","735,000,000","-35,000,000","-767,000,000","-783,000,000","-691,000,000","1,443,000,000","1,360,000,000"
		NetIncomeIncludingNoncontrollingInterests,"1,344,000,000","1,528,000,000","2,298,000,000","2,365,000,000","2,034,000,000","2,055,000,000","2,718,000,000","2,907,000,000","2,812,000,000","3,315,000,000","2,732,000,000","3,136,000,000","3,378,000,000","4,001,000,000","1,569,000,000","866,000,000","67,000,000","-685,000,000","-712,000,000","-621,000,000","1,491,000,000","1,396,000,000"
			NetIncomeContinuousOperations,"1,001,000,000","1,090,000,000","1,575,000,000","2,371,000,000","2,018,000,000","2,052,000,000","2,694,000,000","2,944,000,000","2,808,000,000","3,306,000,000","2,722,000,000","3,119,000,000","3,139,000,000","3,171,000,000","1,557,000,000","883,000,000","448,000,000","86,000,000","97,000,000","-130,000,000","881,000,000","643,000,000"
			NetIncomeDiscontinuousOperations,"343,000,000","438,000,000","723,000,000","-6,000,000","16,000,000","3,000,000","24,000,000","-37,000,000","4,000,000","9,000,000","10,000,000","17,000,000","-21,000,000","586,000,000","-167,000,000","-143,000,000","-483,000,000","-853,000,000","-880,000,000","-510,000,000","562,000,000","717,000,000"
			NetIncomeExtraordinary,,,,,,,,,,,,"0",,,,"-5,000,000",,,,"-63,000,000",,
			NetIncomeFromTaxLossCarryforward,,,,,,,,,,,,,,,,,,,,"12,000,000",,
		MinorityInterests,"-64,000,000","-89,000,000","-125,000,000","-152,000,000","-135,000,000","-122,000,000","-124,000,000","-120,000,000","-108,000,000","-147,000,000","-171,000,000","-235,000,000","-260,000,000","-244,000,000","-179,000,000","-131,000,000","-102,000,000","-82,000,000","-71,000,000","-70,000,000","-48,000,000","-36,000,000"
DilutedNIAvailtoComStockholders,"1,280,000,000","1,439,000,000","2,173,000,000","2,213,000,000","1,899,000,000","1,933,000,000","2,594,000,000","2,787,000,000","2,704,000,000","3,168,000,000","2,561,000,000","2,901,000,000","3,118,000,000","3,757,000,000","1,390,000,000","735,000,000","-35,000,000","-767,000,000","-783,000,000","-691,000,000","1,443,000,000","1,360,000,000"
BasicEPS,,"0.67","1.02","1.04","0.91","0.87","1.13","1.21","1.18","1.38","1.12","1.27","1.36","1.66","0.65","0.36","-0.02","-0.63","-0.7","-0.61","0.306","0.287"
DilutedEPS,,"0.67","1.02","1.03","0.91","0.87","1.13","1.21","1.18","1.38","1.12","1.27","1.36","1.63","0.63","0.36","-0.02","-0.63","-0.83","-0.61","0.304","0.286"
BasicAverageShares,,"2,133,000,000","2,132,000,000","2,138,000,000","2,151,000,000","2,226,000,000","2,288,000,000","2,297,000,000","2,293,000,000","2,288,000,000","2,287,000,000","2,284,000,000","2,287,000,000","2,263,253,012","2,138,461,538","2,041,666,667","1,750,000,000","1,171,000,000","1,118,571,429","1,132,000,000","4,720,000,000","4,736,000,000"
DilutedAverageShares,,"2,135,000,000","2,139,000,000","2,148,000,000","2,154,000,000","2,230,000,000","2,295,000,000","2,305,000,000","2,295,000,000","2,291,000,000","2,291,000,000","2,288,000,000","2,287,000,000","2,304,907,975","2,206,349,206","2,041,666,667","1,750,000,000","1,171,000,000","1,118,571,429","1,135,000,000","4,736,000,000","4,752,000,000"
TotalOperatingIncomeAsReported,"1,721,000,000","1,938,000,000","2,226,000,000","3,434,000,000","2,987,000,000","3,049,000,000","4,178,000,000","4,387,000,000",,,,,,,,,,,,,,
TotalExpenses,"25,256,000,000","25,717,000,000","25,560,000,000","31,018,000,000","30,730,000,000","32,327,000,000","36,181,000,000","37,420,000,000","35,178,000,000","33,323,000,000","27,771,000,000","27,669,000,000","29,794,000,000","25,190,000,000","21,975,000,000","20,752,000,000","19,588,000,000","17,950,000,000","17,843,000,000","23,341,000,000","21,858,000,000","23,139,000,000"
NetIncomeFromContinuingAndDiscontinuedOperation,"1,280,000,000","1,439,000,000","2,173,000,000","2,213,000,000","1,899,000,000","1,933,000,000","2,594,000,000","2,787,000,000","2,704,000,000","3,168,000,000","2,561,000,000","2,901,000,000","3,118,000,000","3,757,000,000","1,390,000,000","740,000,000","-35,000,000","-767,000,000","-783,000,000","-640,000,000","1,443,000,000","1,360,000,000"
NormalizedIncome,"937,000,000","1,290,460,000","1,388,331,000","2,071,466,000","1,994,755,000","1,997,962,000","2,232,101,000","2,866,716,000","2,800,284,000","3,159,000,000","2,551,000,000","2,884,000,000","3,564,815,405.046","3,145,451,371.571","1,450,685,162.351","847,754,010.695","479,300,813.008","199,400,000","131,800,000","-66,400,000","687,712,241.653","580,547,945.205"
InterestIncome,"66,000,000","67,000,000","72,000,000","74,000,000","73,000,000","77,000,000","80,000,000","69,000,000","73,000,000","90,000,000","95,000,000","121,000,000",,,,,,,,,,
InterestExpense,"175,000,000","215,000,000","262,000,000","277,000,000","261,000,000","286,000,000","362,000,000","390,000,000","293,000,000","207,000,000","173,000,000","127,000,000",,,,,,,,,,
NetInterestIncome,"-109,000,000","-148,000,000","-190,000,000","-203,000,000","-188,000,000","-209,000,000","-282,000,000","-321,000,000","-220,000,000","-117,000,000","-78,000,000","-6,000,000",,,,,,,,,,
EBIT,"1,872,000,000","2,077,000,000","2,381,000,000","3,508,000,000","3,060,000,000","3,126,000,000","4,258,000,000","4,456,000,000","4,131,000,000","4,757,000,000","3,913,000,000","4,247,000,000","5,118,000,000","3,993,000,000","2,437,000,000","1,690,000,000","1,133,000,000","845,000,000","452,000,000","385,000,000","1,109,000,000","1,217,000,000"
EBITDA,"2,829,000,000"
ReconciledCostOfRevenue,"18,740,000,000","19,072,000,000","19,118,000,000","24,046,000,000","24,081,000,000","25,347,000,000","28,615,000,000","29,856,000,000","27,958,000,000","26,556,000,000","22,060,000,000","22,470,000,000","23,972,000,000","20,215,000,000","17,541,000,000","16,830,000,000","15,169,000,000","13,535,000,000","13,199,000,000","18,157,000,000","16,605,000,000","17,851,000,000"
ReconciledDepreciation,"957,000,000","961,000,000","916,000,000","1,101,000,000","1,135,000,000","1,160,000,000","1,305,000,000","1,318,000,000","1,182,000,000","995,000,000","702,000,000","655,000,000","661,000,000","602,000,000","570,000,000","597,000,000","633,000,000","585,000,000","611,000,000","787,000,000","836,000,000","795,000,000"
NetIncomeFromContinuingOperationNetMinorityInterest,"937,000,000","1,001,000,000","1,450,000,000","2,219,000,000","1,883,000,000","1,930,000,000","2,570,000,000","2,824,000,000","2,700,000,000","3,159,000,000","2,551,000,000","2,884,000,000","3,139,000,000","3,171,000,000","1,557,000,000","883,000,000","448,000,000","86,000,000","97,000,000","-130,000,000","881,000,000","643,000,000"
TotalUnusualItemsExcludingGoodwill,,"-353,000,000","83,000,000","201,000,000","-155,000,000","-94,000,000","489,000,000","-59,000,000","-137,000,000",,"-14,000,000","329,000,000","-566,000,000","30,000,000","149,000,000","52,000,000","-49,000,000","-189,000,000","-58,000,000","-106,000,000","276,000,000","94,000,000"
TotalUnusualItems,,"-353,000,000","83,000,000","201,000,000","-155,000,000","-94,000,000","489,000,000","-59,000,000","-137,000,000",,"-14,000,000","329,000,000","-566,000,000","30,000,000","149,000,000","52,000,000","-49,000,000","-189,000,000","-58,000,000","-106,000,000","276,000,000","94,000,000"
NormalizedEBITDA,"2,829,000,000","3,391,000,000","3,214,000,000","4,408,000,000","4,350,000,000","4,380,000,000","5,074,000,000","5,833,000,000","5,450,000,000","5,752,000,000","4,615,000,000","4,902,000,000","6,345,000,000","4,565,000,000","2,858,000,000","2,235,000,000","1,815,000,000","1,619,000,000","1,121,000,000","1,278,000,000","1,669,000,000","1,918,000,000"
TaxRateForCalcs,"0.148","0.18","0.257","0.266","0.279","0.277","0.309","0.276","0.268","0.273","0.272","0.243","0.248","0.148","0.286","0.322","0.361","0.4","0.4","0.4","0.3","0.336"
TaxEffectOfUnusualItems,"0","-63,540,000","21,331,000","53,466,000","-43,245,000","-26,038,000","151,101,000","-16,284,000","-36,716,000","0","0","0","-140,184,594.954","4,451,371.571","42,685,162.351","16,754,010.695","-17,699,186.992","-75,600,000","-23,200,000","-42,400,000","82,712,241.653","31,547,945.205"