name,ttm,03/31/2020,12/31/2019,09/30/2019,06/30/2019,03/31/2019,12/31/2018,09/30/2018,06/30/2018,03/31/2018,12/31/2017,09/30/2017,06/30/2017,03/31/2017,12/31/2016,09/30/2016,06/30/2016,03/31/2016,12/31/2015,09/30/2015,06/30/2015,03/31/2015,12/31/2014,09/30/2014,06/30/2014,03/31/2014,12/31/2013,09/30/2013,06/30/2013,03/31/2013,12/31/2012,09/30/2012,06/30/2012,03/31/2012,12/31/2011,09/30/2011,06/30/2011,03/31/2011,12/31/2010,09/30/2010,06/30/2010,03/31/2010,12/31/2009,09/30/2009,06/30/2009,03/31/2009,12/31/2008,09/30/2008,06/30/2008,03/31/2008,12/31/2007,09/30/2007,06/30/2007,03/31/2007,12/31/2006,09/30/2006,06/30/2006,03/31/2006,12/31/2005,09/30/2005,06/30/2005,03/31/2005,12/31/2004,09/30/2004,06/30/2004,03/31/2004,12/31/2003,09/30/2003,06/30/2003,03/31/2003,12/31/2002,09/30/2002,06/30/2002,03/31/2002,12/31/2001,09/30/2001,06/30/2001,03/31/2001,12/31/2000,09/30/2000
TotalRevenue,"5,628,900,000","1,381,800,000","1,461,000,000","1,437,600,000","1,348,500,000","1,334,200,000","2,055,900,000","1,947,200,000","1,903,900,000","1,884,200,000","2,106,200,000","1,912,400,000","1,821,800,000","1,879,000,000","1,827,600,000","1,885,600,000","1,748,800,000","1,676,100,000","1,748,854,000","1,589,117,000","1,500,618,000","1,601,157,000","1,485,749,000","1,319,133,000","1,265,158,000","1,232,900,000","1,141,087,000","1,096,447,000","1,028,092,000","1,053,437,000","971,844,000","911,492,000","866,485,000","891,569,000","847,549,000","844,844,000","740,458,000","740,436,000","755,723,000","702,443,000","669,718,000","663,537,000","540,489,000","483,186,000","460,410,000","480,256,000","507,582,000","511,225,000","507,210,000","499,250,000","602,708,000","575,525,000","563,800,000","549,158,000","524,480,000","506,584,000","490,447,000","477,231,000","421,181,000","384,813,000","370,568,000","375,875,000","346,836,000","298,872,000","300,453,000","312,406,000","305,716,000","255,673,000","247,567,000","240,189,000","236,832,000","218,739,000","205,541,000","210,339,000","213,942,000","200,152,000","182,565,000","180,692,000","177,152,000","168,807,000"
	OperatingRevenue,"4,982,600,000","1,260,900,000","1,233,200,000","1,293,700,000","1,194,800,000","1,222,300,000","1,822,600,000","1,783,600,000","1,756,400,000","1,752,300,000","1,816,300,000","1,702,400,000","1,637,300,000","1,628,100,000","1,631,400,000","1,543,600,000","1,420,300,000","1,342,500,000","1,414,469,000","1,319,999,000","1,236,133,000","1,243,943,000","1,134,235,000","1,038,579,000","958,253,000","948,710,000","941,060,000","926,812,000","851,807,000","855,358,000","206,193,000","911,492,000","834,011,000","891,569,000","847,549,000","844,844,000","740,458,000","740,436,000","755,723,000","702,443,000","669,718,000","663,537,000","540,489,000","483,186,000","460,410,000","480,256,000","507,582,000","511,225,000","507,210,000","499,250,000","602,708,000","575,525,000","563,800,000","549,158,000","506,912,000","479,537,000","490,447,000","477,231,000","421,181,000","384,813,000","370,568,000","375,875,000","335,986,000","293,229,000","210,881,000","199,875,000","2,323,000","249,870,000","169,389,000","152,481,000","166,890,000","162,338,000","158,960,000","153,637,000","163,704,000","151,835,000","147,397,000","129,485,000","2,258,000","168,807,000"
CostOfRevenue,"2,546,500,000","499,200,000","705,200,000","687,500,000","654,800,000","640,500,000","1,144,700,000","1,060,600,000","1,001,600,000","1,013,900,000","1,146,800,000","1,066,500,000","1,014,400,000","1,042,100,000","1,199,200,000","1,045,600,000","1,027,900,000","1,003,900,000","1,026,999,000","901,095,000","896,543,000","989,863,000","895,564,000","767,415,000","783,369,000","772,426,000","681,066,000","628,386,000","619,285,000","620,422,000","573,797,000","499,455,000","506,455,000","526,905,000","499,114,000","476,993,000","431,250,000","404,525,000","443,252,000","384,301,000","357,704,000","360,123,000","377,862,000","327,081,000","327,305,000","321,890,000","341,149,000","335,117,000","340,962,000","324,811,000","449,307,000","401,505,000","402,349,000","377,868,000","392,701,000","357,247,000","354,353,000","330,319,000","312,179,000","277,627,000","270,628,000","264,157,000","261,325,000","218,908,000","216,944,000","219,025,000","228,979,000","191,241,000","186,540,000","180,406,000","177,903,000","167,631,000","160,695,000","164,781,000","158,414,000","156,018,000","145,801,000","143,258,000","142,365,000","135,955,000"
GrossProfit,"3,082,400,000","882,600,000","755,800,000","750,100,000","693,700,000","693,700,000","911,200,000","886,600,000","902,300,000","870,300,000","959,400,000","845,900,000","807,400,000","836,900,000","628,400,000","840,000,000","720,900,000","672,200,000","721,855,000","688,022,000","604,075,000","611,294,000","590,185,000","551,718,000","481,789,000","460,474,000","460,021,000","468,061,000","408,807,000","433,015,000","398,047,000","412,037,000","360,030,000","364,664,000","348,435,000","367,851,000","309,208,000","335,911,000","312,471,000","318,142,000","312,014,000","303,414,000","162,627,000","156,105,000","133,105,000","158,366,000","166,433,000","176,108,000","166,248,000","174,439,000","153,401,000","174,020,000","161,451,000","171,290,000","131,779,000","149,337,000","136,094,000","146,912,000","109,002,000","107,186,000","99,940,000","111,718,000","85,511,000","79,964,000","83,509,000","93,381,000","76,737,000","64,432,000","61,027,000","59,783,000","58,929,000","51,108,000","44,846,000","45,558,000","55,528,000","44,134,000","36,764,000","37,434,000","34,787,000","32,852,000"
OperatingExpense,"1,896,000,000","718,600,000","446,800,000","374,000,000","356,400,000","336,800,000","337,000,000","364,600,000","482,000,000","492,500,000","496,700,000","367,000,000","456,000,000","484,500,000","448,700,000","419,000,000","400,300,000","327,900,000","357,773,000","335,948,000","318,352,000","286,750,000","377,691,000","230,077,000","199,249,000","178,682,000","210,282,000","179,293,000","139,627,000","141,790,000","181,316,000","147,566,000","119,487,000","112,045,000","167,133,000","140,172,000","117,417,000","124,003,000","171,838,000","148,133,000","151,634,000","145,216,000","56,284,000","61,304,000","50,432,000","57,153,000","57,728,000","58,410,000","49,267,000","54,269,000","71,045,000","105,409,000","64,375,000","62,709,000","-3,069,092,000","60,128,000","52,912,000","47,504,000","54,796,000","47,381,000","42,593,000","49,469,000","57,559,000","37,206,000","36,525,000","37,849,000","33,855,000","31,087,000","29,494,000","-154,776,000","34,143,000","28,190,000","26,713,000","30,746,000","36,690,000","30,040,000","26,094,000","26,813,000","27,303,000","26,602,000"
	SellingGeneralAndAdministration,"136,200,000","23,900,000","23,200,000","31,800,000","57,300,000","38,300,000","46,200,000","45,300,000","48,100,000","33,100,000","41,400,000","38,000,000","42,400,000","44,600,000","31,800,000","41,000,000","42,900,000","27,600,000","26,491,000","40,890,000","40,909,000","30,193,000","39,970,000","39,169,000","28,302,000","34,027,000","24,723,000","33,845,000","28,255,000","22,292,000","31,944,000","24,584,000","27,532,000","23,999,000","27,054,000","26,242,000","21,021,000","20,939,000","22,333,000","19,767,000","21,509,000","22,164,000","22,647,000","30,137,000","19,220,000","27,819,000","25,295,000","24,344,000","14,897,000","18,268,000","13,891,000","22,488,000","21,216,000","23,303,000","22,698,000","28,150,000","21,001,000","19,966,000","25,572,000","23,050,000","18,611,000","24,299,000","33,246,000","15,414,000","14,545,000","14,535,000","13,192,000","12,945,000","11,015,000","16,875,000","16,857,000","11,563,000","10,260,000","14,638,000","16,249,000","11,563,000","8,287,000","9,333,000","9,029,000","7,336,000"
		GeneralAndAdministrativeExpense,"136,200,000","23,900,000","23,200,000","31,800,000","57,300,000","38,300,000","46,200,000","45,300,000","48,100,000","33,100,000","41,400,000","38,000,000","42,400,000","44,600,000","31,800,000","41,000,000","42,900,000","27,600,000","26,491,000","40,890,000","40,909,000","30,193,000","39,970,000","39,169,000","28,302,000","34,027,000","24,723,000","33,845,000","28,255,000","22,292,000",,,,,,,,,,,,,,,,,,,,,,,,,,,,,,,,,,,,,,,,,,,,,,,,,,
			OtherGandA,"136,200,000","23,900,000","23,200,000","31,800,000","57,300,000","38,300,000","46,200,000","45,300,000","48,100,000","33,100,000","41,400,000","38,000,000","42,400,000","44,600,000","31,800,000","41,000,000","42,900,000","27,600,000","26,491,000","40,890,000","40,909,000","30,193,000","39,970,000","39,169,000","28,302,000","34,027,000","24,723,000","33,845,000","28,255,000","22,292,000",,,,,,,,,,,,,,,,,,,,,,,,,,,,,,,,,,,,,,,,,,,,,,,,,,
	DepreciationAmortizationDepletionIncomeStatement,"168,500,000","38,800,000","42,900,000","44,900,000","41,800,000","46,400,000","121,100,000","122,500,000","122,000,000","121,700,000","123,100,000","124,300,000","125,500,000","124,800,000","127,400,000","126,700,000","129,600,000","128,400,000","125,026,000","123,380,000","122,106,000","121,628,000","88,383,000","76,331,000","74,295,000","74,073,000","55,221,000","54,472,000","53,576,000","52,850,000","47,022,000","41,732,000","39,403,000","38,719,000","38,502,000","43,233,000","36,020,000","35,398,000","36,727,000","37,907,000","34,421,000","34,171,000","33,637,000","31,167,000","31,148,000","29,334,000","32,433,000","34,066,000","34,370,000","34,949,000","41,109,000","42,960,000","43,157,000","39,406,000","33,613,000","31,978,000","31,911,000","27,538,000","26,224,000","24,331,000","23,982,000","25,170,000","24,313,000","21,792,000","21,980,000","23,314,000","20,663,000","18,142,000","18,479,000","17,278,000","17,286,000","16,627,000","16,453,000","16,108,000","20,441,000","18,477,000","17,807,000","17,480,000","18,274,000","19,266,000"
		DepreciationAndAmortizationInIncomeStatement,"168,500,000","38,800,000","42,900,000","44,900,000","41,800,000","46,400,000","121,100,000","122,500,000","122,000,000","121,700,000","123,100,000","124,300,000","125,500,000","124,800,000","127,400,000","126,700,000","129,600,000","128,400,000","125,026,000","123,380,000","122,106,000","121,628,000","88,383,000","76,331,000","74,295,000","74,073,000","55,221,000","54,472,000","53,576,000","52,850,000","47,022,000","41,732,000","39,403,000","38,719,000","38,502,000","43,233,000","36,020,000","35,398,000","36,727,000","37,907,000","34,421,000","34,171,000","33,637,000","31,167,000","31,148,000","29,334,000","32,433,000","34,066,000","34,370,000","34,949,000","41,109,000","42,960,000","43,157,000","39,406,000","33,613,000","31,978,000","31,911,000","27,538,000","26,224,000","24,331,000","23,982,000","25,170,000","24,313,000","21,792,000","21,980,000","23,314,000","20,663,000","18,142,000","18,479,000","17,278,000","17,286,000","16,627,000","16,453,000","16,108,000","20,441,000","18,477,000","17,807,000","17,480,000","18,274,000","19,266,000"
			DepreciationIncomeStatement,"76,700,000","17,400,000","20,100,000","19,900,000","19,300,000","20,600,000","50,200,000","49,700,000","48,600,000","47,700,000","46,500,000","46,700,000","45,200,000","44,700,000","43,600,000","42,600,000","41,100,000","39,800,000","37,068,000","36,450,000","34,895,000","33,638,000","30,100,000","28,070,000","25,973,000","25,512,000","22,890,000","21,395,000","20,446,000","19,560,000","18,957,000","18,745,000","18,496,000","17,604,000","16,519,000","20,304,000","16,850,000","16,754,000","17,705,000","17,196,000","16,580,000","16,325,000","16,380,000","15,397,000","15,333,000","15,086,000","15,824,000","17,363,000","17,578,000","17,762,000","20,948,000","21,823,000","21,502,000","20,065,000","17,485,000","16,892,000","15,849,000","15,217,000","15,383,000","13,972,000","13,881,000","15,329,000","15,561,000","15,236,000","15,234,000","16,556,000","14,272,000","13,382,000","13,370,000","12,925,000","11,494,000","11,107,000","9,895,000","9,271,000","9,368,000","7,948,000","7,015,000","6,367,000","7,166,000","7,010,000"
			Amortization,"91,800,000","21,400,000","22,800,000","25,000,000","22,500,000","25,800,000","70,900,000","72,800,000","73,400,000","74,000,000","76,600,000","77,600,000","80,300,000","80,100,000","83,800,000","84,100,000","88,500,000","88,600,000","87,958,000","86,930,000","87,211,000","87,990,000","58,283,000","48,261,000","48,322,000","48,561,000","32,331,000","33,077,000","33,130,000","33,290,000","28,065,000","22,987,000","20,907,000","21,115,000","21,983,000","22,929,000","19,170,000","18,644,000","19,022,000","20,711,000","17,841,000","17,846,000","17,257,000","15,770,000","15,815,000","14,248,000","16,609,000","16,703,000","16,792,000","17,187,000","20,161,000","21,137,000","21,655,000","19,341,000","16,128,000","15,086,000","16,062,000","12,321,000","10,841,000","10,359,000","10,101,000","9,841,000","8,752,000","6,556,000","6,746,000","6,758,000","6,391,000","4,760,000","5,109,000","4,353,000","5,792,000","5,520,000","6,558,000","6,837,000","11,073,000","10,529,000","10,792,000","11,113,000","11,108,000","12,256,000"
				AmortizationOfIntangiblesIncomeStatement,"91,800,000","21,400,000","22,800,000","25,000,000","22,500,000","25,800,000","70,900,000","72,800,000","73,400,000","74,000,000","76,600,000","77,600,000","80,300,000","80,100,000","83,800,000","84,100,000","88,500,000","88,600,000","87,958,000","86,930,000","87,211,000","87,990,000","58,283,000","48,261,000","48,322,000","48,561,000","32,331,000","33,077,000","33,130,000","33,290,000","28,065,000","22,987,000","20,907,000","21,115,000","21,983,000","22,929,000","19,170,000","18,644,000","19,022,000","20,711,000","17,841,000","17,846,000","17,257,000","15,770,000","15,815,000","14,248,000","16,609,000","16,703,000","16,792,000","17,187,000","20,161,000","21,137,000","21,655,000","19,341,000","16,128,000","15,086,000","16,062,000","12,321,000","10,841,000","10,359,000","10,101,000","9,841,000","8,752,000","6,556,000","6,746,000","6,758,000","6,391,000","4,760,000","5,109,000","4,353,000","5,792,000","5,520,000","6,558,000","6,837,000","11,073,000","10,529,000","10,792,000","11,113,000","11,108,000","12,256,000"
	ProvisionForDoubtfulAccounts,,,,,,,,,,,,,,,,,,,,,,,,,,,,,,,,"81,250,000","52,552,000","49,327,000","101,577,000","70,697,000","60,376,000","67,666,000","112,778,000","90,459,000","95,704,000","88,881,000",,,,,,,,,,,,,,,,,,,,,,,,,,,,,,,,,,,,,,
	OtherOperatingExpenses,"1,591,300,000","655,900,000","380,700,000","297,300,000","257,300,000","252,100,000","169,700,000","196,800,000","311,900,000","337,700,000","332,200,000","204,700,000","288,100,000","315,100,000","289,500,000","251,300,000","227,800,000","171,900,000","206,256,000","171,678,000","155,337,000","134,929,000","249,338,000","114,577,000","96,652,000","70,582,000","130,338,000","90,976,000","57,796,000","66,648,000","102,400,000",,,,,,,,,,,,,,"64,000",,"0",,,"1,052,000","16,045,000","39,961,000","2,000",,,,,,,,,,,,,,,,,"-188,929,000",,,,,,,,,,
OperatingIncome,"1,186,400,000","164,000,000","309,000,000","376,100,000","337,300,000","356,900,000","574,200,000","522,000,000","420,300,000","377,800,000","462,700,000","478,900,000","351,400,000","352,400,000","179,700,000","421,000,000","320,600,000","344,300,000","364,082,000","352,074,000","285,723,000","324,544,000","212,494,000","321,641,000","282,540,000","281,792,000","249,739,000","288,768,000","269,180,000","291,225,000","216,731,000","264,471,000","240,543,000","252,619,000","181,302,000","227,679,000","191,791,000","211,908,000","140,633,000","170,009,000","160,380,000","158,198,000","106,343,000","94,801,000","82,673,000","101,213,000","108,705,000","117,698,000","116,981,000","120,170,000","82,356,000","68,611,000","97,076,000","108,581,000","3,200,871,000","89,209,000","83,182,000","99,408,000","54,206,000","59,805,000","57,347,000","62,249,000","27,952,000","42,758,000","46,984,000","55,532,000","42,882,000","33,345,000","31,533,000","214,559,000","24,786,000","22,918,000","18,133,000","14,812,000","18,838,000","14,094,000","10,670,000","10,621,000","7,484,000","6,250,000"
NetNonOperatingInterestIncomeExpense,"-563,700,000","-138,600,000","-141,600,000","-140,000,000","-143,500,000","-149,500,000","-176,800,000","-168,900,000","-165,700,000","-159,200,000","-156,400,000","-145,300,000","-137,500,000","-125,200,000","-117,700,000","-108,300,000","-103,700,000","-98,800,000","-89,364,000","-82,098,000","-80,715,000","-78,007,000","-68,383,000","-61,464,000","-62,932,000","-67,747,000","-65,475,000","-74,015,000","-83,466,000","-82,544,000","-78,376,000","-74,365,000","-73,067,000","-65,652,000","-73,976,000","-74,356,000","-78,794,000","-71,459,000","-67,657,000","-84,119,000","-83,848,000","-82,706,000","-39,585,000","-39,044,000","-34,575,000","-31,607,000",,,,,,,,,,,,,,,,,,,,,,,,,,,,,,,,,,
	InterestExpenseNonOperating,"357,700,000","88,700,000","88,500,000","88,600,000","91,900,000","92,200,000","120,000,000","112,800,000","110,500,000","107,100,000","109,700,000","107,100,000","100,900,000","90,000,000","83,600,000","77,200,000","73,700,000","68,400,000","63,764,000","58,955,000","56,162,000","54,194,000","45,254,000","38,701,000","40,632,000","44,836,000","42,242,000","51,101,000","58,772,000","58,059,000","-14,432,000","74,365,000","73,067,000","65,652,000","73,976,000","74,356,000","78,794,000","71,459,000","67,657,000","84,119,000","83,848,000","82,706,000","39,585,000","39,044,000","34,575,000","31,607,000",,,,,,,,,,,,,,,,,,,,,,,,,,,,,,,,,,
	TotalOtherFinanceCost,"206,000,000","49,900,000","53,100,000","51,400,000","51,600,000","57,300,000","56,800,000","56,100,000","55,200,000","52,100,000","46,700,000","38,200,000","36,600,000","35,200,000","34,100,000","31,100,000","30,000,000","30,400,000","25,600,000","23,143,000","24,553,000","23,813,000","23,129,000","22,763,000","22,300,000","22,911,000","23,233,000","22,914,000","24,694,000","24,485,000","24,700,000",,,,,,,,,,,,,,,,,,,,,,,,,,,,,,,,,,,,,,,,,,,,,,,,,
OtherIncomeExpense,,,"0","-71,900,000",,,,,,,,,,,,,,,"0","-64,563,000",,,,,,,,,,,,"-23,300,000",,,,,,,,,,,"22,177,000","-30,000",,"580,000","-755,000","2,113,000","-2,804,000","-2,659,000","-20,089,000","-42,095,000","-6,171,000",,"17,568,000","27,047,000",,,,,,,"10,850,000","5,643,000","89,273,000","112,022,000","302,949,000","5,341,000","73,106,000","86,560,000","68,340,000","51,246,000","40,934,000","57,089,000","30,107,000","48,317,000","35,168,000","51,207,000","169,941,000",
	SpecialIncomeCharges,,,"0","-71,900,000",,,,,,,,,,,"0",,,,"0","-64,563,000",,,,,,,,,,,,"-23,300,000",,,,,,,"0","0","0","0","22,177,000","-30,000",,"580,000","-755,000","2,113,000","-2,804,000","-2,659,000","-20,089,000","-42,095,000","-6,171,000",,"17,568,000","27,047,000",,,,,,,"10,850,000","5,643,000","89,273,000","112,022,000","302,949,000","5,341,000","73,106,000","86,560,000","68,340,000","51,246,000","40,934,000","57,089,000","30,107,000","48,317,000","35,168,000","51,207,000","169,941,000","0"
		RestructuringAndMergernAcquisition,,,,,,,,,,,,,,,,,,,,,,,,,,,,,,,,,,,,,,,"0","0","0","0","-22,177,000","30,000",,"-580,000","755,000","-2,113,000","2,804,000","1,607,000","4,044,000","2,134,000","6,171,000",,,,,,,,,,,,,,,,,,,,,,,,,,,
		OtherSpecialCharges,,,"0","71,900,000",,,,,,,,,,,,,,,"0","64,563,000",,,,,,,,,,,,,,,,,,,,,,,,,,,"0",,,"1,052,000","16,045,000","39,961,000",,,,,,,,,,,,,,,,,,,,,,,,,,,,
PretaxIncome,"550,800,000","25,400,000","167,400,000","164,200,000","193,800,000","207,400,000","397,400,000","353,100,000","254,600,000","218,600,000","306,300,000","333,600,000","213,900,000","227,200,000","62,000,000","312,700,000","216,900,000","245,500,000","274,718,000","205,413,000","205,008,000","246,537,000","144,111,000","260,177,000","219,608,000","214,045,000","184,264,000","214,753,000","185,714,000","208,681,000","138,355,000","190,106,000","167,476,000","186,967,000","107,326,000","153,323,000","112,997,000","140,449,000","72,976,000","85,890,000","76,532,000","75,492,000","88,935,000","55,727,000","48,098,000","70,186,000","91,851,000","103,307,000","100,235,000","101,460,000","61,438,000","48,667,000","71,893,000","92,754,000","63,705,000","78,570,000","73,123,000","90,871,000","50,261,000","57,383,000","54,994,000","59,488,000","25,707,000","41,729,000","44,970,000","51,911,000","39,498,000","30,205,000","19,354,000","19,926,000","18,232,000","12,794,000","7,486,000","8,905,000","-7,096,000","8,002,000","2,104,000","986,000","-3,146,000","-3,699,000"
TaxProvision,"126,400,000","-4,600,000","37,000,000","42,600,000","51,400,000","33,100,000","112,500,000","56,600,000","36,800,000","54,700,000","35,000,000","100,400,000","76,200,000","80,800,000","51,400,000","105,200,000","76,200,000","86,600,000","94,543,000","75,031,000","74,969,000","81,705,000","67,855,000","95,229,000","80,419,000","78,298,000","66,391,000","81,875,000","69,274,000","79,702,000","54,694,000","70,561,000","63,655,000","71,738,000","41,420,000","59,342,000","43,974,000","54,073,000","24,371,000","32,831,000","29,212,000","28,838,000","30,401,000","9,931,000","18,662,000","27,233,000","36,459,000","39,948,000","38,289,000","38,758,000","27,497,000","19,496,000","27,804,000","35,894,000","24,096,000","29,790,000","28,328,000","34,450,000","18,932,000","21,532,000","20,611,000","22,306,000","9,690,000","15,732,000","16,954,000","19,570,000","15,076,000","11,590,000","7,407,000","7,612,000","7,652,000","5,022,000","3,552,000","4,446,000","1,175,000","7,502,000","2,002,000","933,000","297,000","350,000"
NetIncomeCommonStockholders,"149,300,000","30,000,000","87,900,000","-107,600,000","139,000,000","149,100,000","284,900,000","296,500,000","217,800,000","163,900,000","271,300,000","233,200,000","137,700,000","146,400,000","10,600,000","207,500,000","73,100,000","141,200,000","144,384,000","128,430,000","131,337,000","147,365,000","52,437,000","164,242,000","137,444,000","137,395,000","117,873,000","132,878,000","116,440,000","128,979,000","83,661,000","119,545,000","103,821,000","115,229,000","65,906,000","93,981,000","69,023,000","86,376,000","46,704,000","53,059,000","47,320,000","46,654,000","40,647,000","45,796,000","29,436,000","27,855,000","51,846,000","69,259,000","46,969,000","49,319,000","33,941,000","29,171,000","44,089,000","56,860,000","39,609,000","48,780,000","44,795,000","56,421,000","31,329,000","35,851,000","34,383,000","37,182,000","16,017,000","25,997,000","28,016,000","32,341,000","24,422,000","18,615,000","11,947,000","12,314,000","10,580,000","7,772,000","3,392,000","4,459,000","-9,711,000","500,000","-513,000","-1,747,000","-5,243,000","-5,849,000"
	NetIncome,"158,900,000","30,000,000","97,500,000","-107,600,000","139,000,000","149,100,000","284,900,000","296,500,000","217,800,000","163,900,000","271,300,000","233,200,000","137,700,000","146,400,000","10,600,000","207,500,000","140,700,000","157,100,000","174,215,000","128,430,000","131,337,000","162,559,000","67,212,000","164,242,000","137,444,000","137,395,000","117,873,000","132,878,000","116,440,000","128,979,000","83,661,000","119,545,000","103,821,000","115,229,000","65,906,000","93,981,000","69,023,000","86,376,000","46,704,000","53,059,000","47,320,000","46,654,000","40,647,000","45,796,000","29,436,000","27,855,000","51,846,000","69,259,000","46,969,000","49,319,000","33,941,000","29,171,000","44,089,000","56,860,000","39,609,000","48,780,000","44,795,000","56,421,000","31,329,000","35,851,000","34,383,000","37,182,000","16,017,000","25,997,000","28,016,000","32,341,000","24,422,000","18,615,000","11,947,000","12,314,000","10,580,000","7,772,000","3,392,000","4,459,000","-8,271,000","500,000","-513,000","53,000","-3,443,000","-4,049,000"
		NetIncomeIncludingNoncontrollingInterests,"158,900,000","30,000,000","97,500,000","-107,600,000","139,000,000","149,100,000","284,900,000","296,500,000","217,800,000","163,900,000","271,300,000","233,200,000","137,700,000","146,400,000","10,600,000","207,500,000","140,700,000","158,900,000","180,175,000","130,382,000","130,039,000","164,832,000","76,256,000","164,948,000","139,189,000","135,747,000","117,873,000","132,878,000","116,440,000","128,979,000","83,661,000","119,545,000","103,821,000","115,229,000","65,906,000","93,981,000","69,023,000","86,376,000","46,704,000","53,059,000","47,320,000","46,654,000","40,647,000","45,796,000","29,436,000","27,855,000","51,846,000","69,259,000","46,969,000","49,319,000","33,941,000","29,171,000","44,089,000","56,860,000","39,609,000","48,780,000","44,795,000","56,421,000","31,329,000","35,851,000","34,383,000","37,182,000","16,017,000","25,997,000","28,016,000","32,341,000","24,422,000","18,615,000","11,947,000","12,314,000","10,580,000","7,772,000","3,392,000","4,459,000","-8,271,000","500,000","-513,000","53,000","-3,443,000","-4,049,000"
			NetIncomeContinuousOperations,"424,400,000","30,000,000","130,400,000","121,600,000","142,400,000","174,300,000","284,900,000","296,500,000","217,800,000","163,900,000","271,300,000","233,200,000","137,700,000","146,400,000","10,600,000","207,500,000","140,700,000","158,900,000","180,175,000","130,382,000","130,039,000","164,832,000","76,256,000","164,948,000","139,189,000","135,747,000","117,873,000","132,878,000","116,440,000","128,979,000","83,661,000","119,545,000","103,821,000","115,229,000","65,906,000","93,981,000","69,023,000","86,376,000","48,605,000","53,059,000","47,320,000","46,654,000","58,534,000","45,796,000","29,436,000","42,953,000","55,392,000","63,359,000","61,946,000","62,702,000","33,941,000","29,171,000","44,089,000","56,860,000","39,609,000","48,780,000","44,795,000","56,421,000","31,329,000","35,851,000","34,383,000","37,182,000","16,017,000","25,997,000","28,016,000","32,341,000","24,422,000","18,615,000","11,947,000","12,314,000","10,580,000","7,772,000","3,934,000","4,459,000","-8,271,000","500,000","102,000","53,000","-3,443,000","-4,049,000"
			NetIncomeDiscontinuousOperations,"-265,500,000","0","-32,900,000","-229,200,000","-3,400,000","-25,200,000",,,,,,,,,,,,,,,,,,,,,,,,,,,,,,,,,"-1,901,000","0","0","0","-17,887,000","0","0","-15,098,000","-3,546,000","5,900,000","-14,977,000","-13,383,000",,,,,,,,,,,,,,,,,,,,,,,,,,,,,,
			NetIncomeFromTaxLossCarryforward,,,,,,,,,,,,,,,,,,,,,,,,,,,,,,,,,,,,,,,,,,,,,,,,,,,,,,,,,,,,,,,,,,,,,,,"0",,"-542,000",,"0",,"-615,000",,,
		MinorityInterests,,,,,,,,,,,,"0","0","0","0",,"0","-1,800,000","-5,960,000","-1,952,000","1,298,000","-2,273,000","-9,044,000","-706,000","-1,745,000","1,648,000",,,,,,,,,,,,,,,,,,,,,,,,,,,,,,,,,,,,,,,,,,,,,,,,,,,,,,
	PreferredStockDividends,,,,,,,,,,,,,,,,,,,,,,,,,,,,,,,,,,,,,,,,,,,,,,,,,,,,,,,,,,,,,,,,,,,,,,,,,,,"1,440,000",,,"1,800,000",,
	OtherunderPreferredStockDividend,,,,,,,,,,,,,"0",,"0",,"67,600,000","15,900,000","29,831,000","0","0","15,194,000",,,,,,,,,,,,,,,,,,,,,,,,,,,,,,,,,,,,,,,,,,,,,,,,,,,,,,,,,,"1,800,000"
DilutedNIAvailtoComStockholders,"158,900,000","30,000,000","97,500,000","-107,600,000","139,000,000","149,100,000","284,900,000","296,500,000","217,800,000","163,900,000","271,300,000","233,200,000","137,700,000","146,400,000","10,600,000","207,500,000","73,100,000","141,200,000","144,384,000","128,430,000","131,337,000","147,365,000","52,437,000","164,242,000","137,444,000","137,395,000","117,873,000","132,878,000","116,440,000","128,979,000","83,661,000","119,545,000","103,821,000","115,229,000","65,906,000","93,981,000","69,023,000","86,376,000","46,704,000","53,059,000","47,320,000","46,654,000","40,647,000","45,796,000","29,436,000","27,855,000","51,846,000","69,259,000","46,969,000","49,319,000","33,941,000","29,171,000","44,089,000","56,860,000","39,609,000","48,780,000","44,795,000","56,421,000","31,329,000","35,851,000","34,383,000","37,182,000","16,017,000","25,997,000","28,016,000","32,341,000","24,422,000","18,615,000","11,947,000","12,314,000","10,580,000","7,772,000","3,392,000","4,459,000","-9,711,000","500,000","-513,000","-1,747,000","-5,243,000","-5,849,000"
BasicEPS,,"0.63","2.73","-2.22","2.69","2.81","5.28","5.41","3.94","2.96","4.91","4.21","2.48","2.6","0.18","3.56","1.24","2.36","2.33","2.09","2.12","2.34","0.87","2.84","2.54","2.59","2.4","2.73","2.37","2.59","1.68","2.39","2.07","2.3",,"1.86","1.35","1.69",,"1.01","0.89","0.89",,"0.87","0.52","0.46",,"1.03","0.61","0.63",,"0.37","0.56","0.72",,"0.61","0.56","0.7",,"0.43","0.42","0.45",,"0.32","0.35","0.4",,"0.23","0.15","0.16",,"0.1","0.05","0.06",,"0.01","-0.04","-0.04",,"-0.12"
DilutedEPS,,"0.63","2.73","-2.22","2.64","2.8","5.25","5.39","3.93","2.95","4.88","4.2","2.47","2.58","0.18","3.55","1.24","2.35","2.31","2.08","2.11","2.32","0.86","2.74","2.19","2.08","1.79","2.01","1.71","1.92","1.27","1.84","1.63","1.86",,"1.6","1.19","1.56",,"0.96","0.83","0.84",,"0.83","0.51","0.45",,"0.99","0.6","0.61",,"0.36","0.55","0.7",,"0.6","0.55","0.69",,"0.42","0.4","0.43",,"0.31","0.33","0.39",,"0.23","0.15","0.16",,"0.1","0.04","0.06",,"0.01","-0.04","-0.04",,"-0.12"
BasicAverageShares,,"47,600,000","47,100,000","48,800,000","51,300,000","53,000,000","54,000,000","54,800,000","55,200,000","55,400,000","55,300,000","55,400,000","55,600,000","56,400,000","57,600,000","58,300,000","58,800,000","59,800,000","61,100,000","61,400,000","61,900,000","63,100,000","60,500,000","57,700,000","54,200,000","53,000,000","49,200,000","48,700,000","49,100,000","49,800,000","49,800,000","49,900,000","50,200,000","50,100,000",,"50,600,000","51,100,000","51,100,000",,"52,600,000","53,200,000","52,400,000",,"52,800,000","56,900,000","61,148,000",,"67,442,000","76,619,000","78,536,000",,"78,201,000","78,160,000","79,016,000",,"79,612,000","80,074,000","80,065,000",,"82,755,000","82,750,000","82,329,000",,"81,387,000","80,711,000","80,143,000",,"79,227,000","77,761,000","74,866,000",,"74,557,000","74,045,000","73,996,000",,"73,826,000","52,892,000","47,568,000",,"47,534,000"
DilutedAverageShares,,"47,700,000","47,600,000","50,400,000","52,600,000","53,200,000","54,200,000","55,000,000","55,400,000","55,700,000","55,600,000","55,600,000","55,800,000","56,700,000","57,900,000","58,400,000","59,000,000","60,200,000","61,500,000","61,800,000","62,300,000","63,600,000","61,100,000","59,900,000","62,600,000","66,100,000","66,000,000","66,000,000","68,200,000","67,300,000","66,000,000","65,000,000","63,700,000","61,800,000",,"58,600,000","58,100,000","55,400,000",,"55,200,000","56,800,000","55,400,000",,"55,100,000","57,800,000","61,833,000",,"69,689,000","78,636,000","80,589,000",,"80,734,000","80,504,000","81,109,000",,"81,491,000","81,924,000","81,667,000",,"85,249,000","85,638,000","85,713,000",,"84,703,000","84,254,000","83,188,000",,"82,352,000","80,204,000","76,463,000",,"76,416,000","76,827,000","76,607,000",,"75,047,000","52,892,000","47,568,000",,"47,534,000"
TotalOperatingIncomeAsReported,"1,114,500,000","164,000,000","309,000,000","304,200,000","337,300,000","356,900,000","574,200,000","522,000,000","420,300,000","377,800,000","462,700,000","478,900,000","351,400,000","352,400,000","179,700,000","421,000,000","320,600,000","344,300,000","364,082,000","287,511,000","285,723,000","324,544,000","212,494,000","321,641,000","282,540,000","281,792,000","249,739,000","288,768,000","269,180,000","291,225,000","216,731,000","264,471,000","240,543,000","252,619,000","181,302,000","227,679,000","191,791,000","211,908,000","140,633,000","170,009,000","160,380,000","158,198,000","128,520,000","94,771,000","82,673,000","101,793,000","107,950,000","119,811,000","114,177,000","118,563,000","78,312,000","66,477,000","90,905,000","108,581,000","3,200,871,000","89,209,000","83,182,000","99,408,000","54,206,000","59,805,000","57,347,000","62,249,000","27,952,000","42,758,000","46,984,000","55,532,000","42,882,000","33,345,000","31,533,000","214,559,000","24,786,000","22,918,000","18,133,000","14,812,000","18,838,000","14,094,000","10,670,000","10,621,000","7,484,000","6,250,000"
TotalExpenses,"4,442,500,000","1,217,800,000","1,152,000,000","1,061,500,000","1,011,200,000","977,300,000","1,481,700,000","1,425,200,000","1,483,600,000","1,506,400,000","1,643,500,000","1,433,500,000","1,470,400,000","1,526,600,000","1,647,900,000","1,464,600,000","1,428,200,000","1,331,800,000","1,384,772,000","1,237,043,000","1,214,895,000","1,276,613,000","1,273,255,000","997,492,000","982,618,000","951,108,000","891,348,000","807,679,000","758,912,000","762,212,000","755,113,000","647,021,000","625,942,000","638,950,000","666,247,000","617,165,000","548,667,000","528,528,000","615,090,000","532,434,000","509,338,000","505,339,000","434,146,000","388,385,000","377,737,000","379,043,000","398,877,000","393,527,000","390,229,000","379,080,000","520,352,000","506,914,000","466,724,000","440,577,000","-2,676,391,000","417,375,000","407,265,000","377,823,000","366,975,000","325,008,000","313,221,000","313,626,000","318,884,000","256,114,000","253,469,000","256,874,000","262,834,000","222,328,000","216,034,000","25,630,000","212,046,000","195,821,000","187,408,000","195,527,000","195,104,000","186,058,000","171,895,000","170,071,000","169,668,000","162,557,000"
NetIncomeFromContinuingAndDiscontinuedOperation,"158,900,000","30,000,000","97,500,000","-107,600,000","139,000,000","149,100,000","284,900,000","296,500,000","217,800,000","163,900,000","271,300,000","233,200,000","137,700,000","146,400,000","10,600,000","207,500,000","140,700,000","157,100,000","174,215,000","128,430,000","131,337,000","162,559,000","67,212,000","164,242,000","137,444,000","137,395,000","117,873,000","132,878,000","116,440,000","128,979,000","83,661,000","119,545,000","103,821,000","115,229,000","65,906,000","93,981,000","69,023,000","86,376,000","46,704,000","53,059,000","47,320,000","46,654,000","40,647,000","45,796,000","29,436,000","27,855,000","51,846,000","69,259,000","46,969,000","49,319,000","33,941,000","29,171,000","44,089,000","56,860,000","39,609,000","48,780,000","44,795,000","56,421,000","31,329,000","35,851,000","34,383,000","37,182,000","16,017,000","25,997,000","28,016,000","32,341,000","24,422,000","18,615,000","11,947,000","12,314,000","10,580,000","7,772,000","3,934,000","4,459,000","-8,271,000","500,000","102,000","53,000","-3,443,000","-4,049,000"
NormalizedIncome,"424,400,000","30,000,000","130,400,000","174,806,000","142,400,000","174,300,000","284,900,000","296,500,000","217,800,000","163,900,000","271,300,000","233,200,000","137,700,000","146,400,000","10,600,000","207,500,000","140,700,000","157,100,000","174,215,000","169,427,505","131,337,000","162,559,000","67,212,000","164,242,000","137,444,000","137,395,000","117,873,000","132,878,000","116,440,000","128,979,000","83,661,000","119,545,000","103,821,000","115,229,000","65,906,000","93,981,000","69,023,000","86,376,000","48,605,000","53,059,000","47,320,000","46,654,000","43,937,850.925","45,820,653.759","29,436,000","42,598,046.875","55,847,313.061","62,063,080.391","63,678,893.54","64,345,254.662","46,998,850","54,428,000","47,873,418.775","56,860,000","28,685,981.21","31,987,933.562","44,795,000","56,421,000","31,329,000","35,851,000","34,383,000","37,182,000","9,256,800.443","22,481,433.583","-27,600,463.598","-37,449,670.609","-162,894,331.916","15,323,402.086","-33,180,486.928","-41,178,915.788","-30,424,000","-23,358,523.058","-20,626,400","-29,794,400","-26,335,200","-28,490,200","-20,998,800","-30,671,200","-105,407,600","-4,049,000"
InterestExpense,"357,700,000","88,700,000","88,500,000","88,600,000","91,900,000","92,200,000","120,000,000","112,800,000","110,500,000","107,100,000","109,700,000","107,100,000","100,900,000","90,000,000","83,600,000","77,200,000","73,700,000","68,400,000","63,764,000","58,955,000","56,162,000","54,194,000","45,254,000","38,701,000","40,632,000","44,836,000","42,242,000","51,101,000","58,772,000","58,059,000","-14,432,000","74,365,000","73,067,000","65,652,000","73,976,000","74,356,000","78,794,000","71,459,000","67,657,000","84,119,000","83,848,000","82,706,000","39,585,000","39,044,000","34,575,000","31,607,000",,,,,,,,,,,,,,,,,,,,,,,,,,,,,,,,,,
NetInterestIncome,"-563,700,000","-138,600,000","-141,600,000","-140,000,000","-143,500,000","-149,500,000","-176,800,000","-168,900,000","-165,700,000","-159,200,000","-156,400,000","-145,300,000","-137,500,000","-125,200,000","-117,700,000","-108,300,000","-103,700,000","-98,800,000","-89,364,000","-82,098,000","-80,715,000","-78,007,000","-68,383,000","-61,464,000","-62,932,000","-67,747,000","-65,475,000","-74,015,000","-83,466,000","-82,544,000","-78,376,000","-74,365,000","-73,067,000","-65,652,000","-73,976,000","-74,356,000","-78,794,000","-71,459,000","-67,657,000","-84,119,000","-83,848,000","-82,706,000","-39,585,000","-39,044,000","-34,575,000","-31,607,000",,,,,,,,,,,,,,,,,,,,,,,,,,,,,,,,,,
EBIT,"908,500,000","114,100,000","255,900,000","252,800,000","285,700,000","299,600,000","517,400,000","465,900,000","365,100,000","325,700,000","416,000,000","440,700,000","314,800,000","317,200,000","145,600,000","389,900,000","290,600,000","313,900,000","338,482,000","264,368,000","261,170,000","300,731,000","189,365,000","298,878,000","260,240,000","258,881,000","226,506,000","265,854,000","244,486,000","266,740,000","123,923,000","264,471,000","240,543,000","252,619,000","181,302,000","227,679,000","191,791,000","211,908,000","140,633,000","170,009,000","160,380,000","158,198,000","128,520,000","94,771,000","82,673,000","101,793,000","108,705,000","117,698,000","116,981,000","120,170,000","82,356,000","68,611,000","97,076,000","108,581,000","3,200,871,000","89,209,000","83,182,000","99,408,000","54,206,000","59,805,000","57,347,000","62,249,000","27,952,000","42,758,000","46,984,000","55,532,000","42,882,000","33,345,000","31,533,000","214,559,000","24,786,000","22,918,000","18,133,000","14,812,000","18,838,000","14,094,000","10,670,000","10,621,000","7,484,000","6,250,000"
EBITDA,"1,077,700,000"
ReconciledCostOfRevenue,"2,545,800,000","499,200,000","705,200,000","687,500,000","654,000,000","568,000,000","1,144,700,000","1,060,600,000","1,001,600,000","1,013,900,000","1,146,800,000","1,066,600,000","1,014,400,000","1,042,100,000","1,199,200,000","1,045,600,000","1,027,900,000","1,003,900,000","1,026,999,000","901,095,000","896,543,000","989,863,000","895,564,000","767,415,000","783,369,000","772,426,000","681,066,000","628,386,000","619,285,000","620,422,000","573,797,000","499,455,000","506,455,000","526,905,000","499,114,000","476,993,000","431,250,000","404,525,000","443,252,000","384,301,000","357,704,000","360,123,000","377,739,000","327,081,000","327,305,000","321,890,000","341,149,000","335,116,000","340,963,000","316,819,000","449,307,000","401,505,000","402,349,000","377,868,000","392,701,000","357,247,000","354,353,000","330,319,000","312,179,000","277,629,000","270,626,000","264,157,000","261,325,000","218,908,000","216,945,000","219,025,000","228,979,000","191,242,000","186,540,000","180,406,000","177,903,000","167,631,000","160,695,000","171,618,000","158,414,000","156,019,000","145,801,000","143,258,000","142,365,000","135,955,000"
ReconciledDepreciation,"169,200,000","38,800,000","42,900,000","44,900,000","42,600,000","118,900,000","121,100,000","122,500,000","122,000,000","121,700,000","123,100,000","124,200,000","125,500,000","124,800,000","127,400,000","126,700,000","129,600,000","128,400,000","125,026,000","123,380,000","122,106,000","121,628,000","88,383,000","76,331,000","74,295,000","74,073,000","55,221,000","54,472,000","53,576,000","52,850,000","47,022,000","41,732,000","39,403,000","38,719,000","38,502,000","43,233,000","36,020,000","35,398,000","36,727,000","37,907,000","34,421,000","34,171,000","33,760,000","31,167,000","31,148,000","29,334,000","32,433,000","34,067,000","34,369,000","42,941,000","41,109,000","42,960,000","43,157,000","39,406,000","33,613,000","31,978,000","31,911,000","27,538,000","26,224,000","24,329,000","23,984,000","25,170,000","24,313,000","21,792,000","21,979,000","23,314,000","20,663,000","18,141,000","18,479,000","17,278,000","17,286,000","16,627,000","16,453,000","9,271,000","20,441,000","18,476,000","17,807,000","17,480,000","18,274,000","19,266,000"
NetIncomeFromContinuingOperationNetMinorityInterest,"424,400,000","30,000,000","130,400,000","121,600,000","142,400,000","174,300,000","284,900,000","296,500,000","217,800,000","163,900,000","271,300,000","233,200,000","137,700,000","146,400,000","10,600,000","207,500,000","140,700,000","157,100,000","174,215,000","128,430,000","131,337,000","162,559,000","67,212,000","164,242,000","137,444,000","137,395,000","117,873,000","132,878,000","116,440,000","128,979,000","83,661,000","119,545,000","103,821,000","115,229,000","65,906,000","93,981,000","69,023,000","86,376,000","48,605,000","53,059,000","47,320,000","46,654,000","58,534,000","45,796,000","29,436,000","42,953,000","55,392,000","63,359,000","61,946,000","62,702,000","33,941,000","29,171,000","44,089,000","56,860,000","39,609,000","48,780,000","44,795,000","56,421,000","31,329,000","35,851,000","34,383,000","37,182,000","16,017,000","25,997,000","28,016,000","32,341,000","24,422,000","18,615,000","11,947,000","12,314,000","10,580,000","7,772,000","3,934,000","4,459,000","-8,271,000","500,000","102,000","53,000","-3,443,000","-4,049,000"
TotalUnusualItemsExcludingGoodwill,,,"0","-71,900,000",,,,,,,,,,,"0",,,,"0","-64,563,000",,,,,,,,,,,,"-23,300,000",,,,,,,"0","0","0","0","22,177,000","-30,000",,"580,000","-755,000","2,113,000","-2,804,000","-2,659,000","-20,089,000","-42,095,000","-6,171,000",,"17,568,000","27,047,000",,,,,,,"10,850,000","5,643,000","89,273,000","112,022,000","302,949,000","5,341,000","73,106,000","86,560,000","68,340,000","51,246,000","40,934,000","57,089,000","30,107,000","48,317,000","35,168,000","51,207,000","169,941,000","0"
TotalUnusualItems,,,"0","-71,900,000",,,,,,,,,,,"0",,,,"0","-64,563,000",,,,,,,,,,,,"-23,300,000",,,,,,,"0","0","0","0","22,177,000","-30,000",,"580,000","-755,000","2,113,000","-2,804,000","-2,659,000","-20,089,000","-42,095,000","-6,171,000",,"17,568,000","27,047,000",,,,,,,"10,850,000","5,643,000","89,273,000","112,022,000","302,949,000","5,341,000","73,106,000","86,560,000","68,340,000","51,246,000","40,934,000","57,089,000","30,107,000","48,317,000","35,168,000","51,207,000","169,941,000","0"
NormalizedEBITDA,"1,077,700,000","152,900,000","298,800,000","369,600,000","328,300,000","418,500,000","638,500,000","588,400,000","487,100,000","447,400,000","539,100,000","565,000,000","440,300,000","442,000,000","273,000,000","516,600,000","420,200,000","442,300,000","463,508,000","452,311,000","383,276,000","422,359,000","277,748,000","375,209,000","334,535,000","332,954,000","281,727,000","320,326,000","298,062,000","319,590,000","170,945,000","306,203,000","279,946,000","291,338,000","219,804,000","270,912,000","227,811,000","247,306,000","177,360,000","207,916,000","194,801,000","192,369,000","140,103,000","125,968,000","113,821,000","130,547,000","141,893,000","149,652,000","154,155,000","165,770,000","143,554,000","153,666,000","146,404,000","147,987,000","3,216,916,000","94,140,000","115,093,000","126,946,000","80,430,000","84,136,000","81,331,000","87,419,000","41,415,000","58,907,000","-20,309,000","-33,176,000","-239,404,000","46,146,000","-23,094,000","145,277,000","-26,268,000","-11,701,000","-6,348,000","-26,169,000","9,172,000","-15,746,000","-6,691,000","-23,106,000","-144,183,000","25,516,000"
TaxRateForCalcs,"0.229","0.27","0.221","0.26","0.266","0.16","0.283","0.16","0.144","0.25","0.114","0.301","0.356","0.356","0.4","0.336","0.351","0.353","0.344","0.365","0.366","0.331","0.35","0.366","0.366","0.366","0.36","0.381","0.373","0.382","0.395","0.371","0.38","0.384","0.386","0.387","0.389","0.385","0.334","0.382","0.382","0.382","0.342","0.178","0.388","0.388","0.397","0.387","0.382","0.382","0.35","0.4","0.387","0.387","0.378","0.379","0.387","0.379","0.377","0.375","0.375","0.375","0.377","0.377","0.377","0.377","0.382","0.384","0.383","0.382","0.4","0.393","0.4","0.4","0.4","0.4","0.4","0.4","0.4","0.4"
TaxEffectOfUnusualItems,"0","0","0","-18,694,000","0","0","0","0","0","0","0","0","0","0","0","0","0","0","0","-23,565,495","0","0","0","0","0","0","0","0","0","0","0","0","0","0","0","0","0","0","0","0","0","0","7,580,850.925","-5,346.241","0","225,046.875","-299,686.939","817,080.391","-1,071,106.46","-1,015,745.338","-7,031,150","-16,838,000","-2,386,581.225","0","6,644,981.21","10,254,933.562","0","0","0","0","0","0","4,089,800.443","2,127,433.583","33,656,536.402","42,231,329.391","115,632,668.084","2,049,402.086","27,978,513.072","33,067,084.212","27,336,000","20,115,476.942","16,373,600","22,835,600","12,042,800","19,326,800","14,067,200","20,482,800","67,976,400","0"