name,ttm,06/30/2019,06/30/2018,06/30/2017,06/30/2016,06/30/2015,06/30/2014,06/30/2013,06/30/2012,06/30/2011,06/30/2010,06/30/2009,06/30/2008,06/30/2007,06/30/2006,06/30/2005,06/30/2004,06/30/2003,06/30/2002,06/30/2001,06/30/2000,06/30/1999,06/30/1998,06/30/1997,06/30/1996,06/30/1995,06/30/1994,06/30/1993,06/30/1992,06/30/1991,06/30/1990,06/30/1989,06/30/1988,06/30/1987,06/30/1986
TotalRevenue,"3,403,319,000","3,472,739,000","3,073,274,000","2,593,746,000","2,519,428,000","2,751,561,000","2,459,878,000","2,462,171,000","2,375,445,000","2,212,849,000","1,893,208,000","1,923,148,000","2,089,456,000","2,014,109,000","1,900,780,000","1,717,055,000","1,517,004,000","1,464,367,000","1,446,569,000","1,625,755,000","1,571,705,000","1,527,900,000","1,491,400,000","1,160,300,000","1,143,700,000","1,054,800,000","936,300,000","831,400,000","817,800,000","814,000,000","651,300,000","630,300,000","542,900,000","491,000,000","490,200,000"
	OperatingRevenue,"3,403,319,000","3,472,739,000","3,073,274,000","2,593,746,000","2,519,428,000","2,751,561,000","2,459,878,000","2,462,171,000","2,375,445,000","2,212,849,000","1,893,208,000","1,923,148,000","2,089,456,000","2,014,109,000","1,900,780,000","1,717,055,000","1,517,004,000","1,464,367,000","1,446,569,000","1,625,755,000","1,571,705,000","1,527,900,000","1,491,400,000","1,160,300,000","1,143,700,000","1,054,800,000","936,300,000","831,400,000","817,800,000","814,000,000","651,300,000","630,300,000","542,900,000","491,000,000","490,200,000"
CostOfRevenue,"2,416,522,000","2,465,116,000","2,189,279,000","1,856,051,000","1,812,006,000","1,981,747,000","1,772,952,000","1,779,209,000","1,720,973,000","1,599,739,000","1,377,486,000","1,403,138,000","1,520,173,000","1,466,057,000","1,386,895,000","1,262,206,000","1,114,861,000","1,085,072,000","1,080,879,000","1,216,456,000","1,157,127,000","1,122,500,000","1,078,500,000","840,600,000","833,300,000","769,100,000","670,600,000","600,500,000","594,900,000","589,200,000","481,600,000","460,300,000","390,600,000","358,300,000","350,400,000"
GrossProfit,"986,797,000","1,007,623,000","883,995,000","737,695,000","707,422,000","769,814,000","686,926,000","682,962,000","654,472,000","613,110,000","515,722,000","520,010,000","569,283,000","548,052,000","513,885,000","454,849,000","402,143,000","379,295,000","365,690,000","409,299,000","414,578,000","405,400,000","412,900,000","319,700,000","310,400,000","285,700,000","265,700,000","230,900,000","222,900,000","224,800,000","169,700,000","170,000,000","152,300,000","132,700,000","139,800,000"
OperatingExpense,"741,861,000","742,241,000","658,168,000","563,105,000","553,827,000","585,195,000","522,568,000","506,563,000","486,077,000","462,347,000","405,672,000","410,912,000","416,459,000","413,041,000","398,293,000","366,881,000","350,695,000","343,041,000","334,856,000","354,298,000","356,861,000","363,000,000","354,400,000","269,000,000","261,200,000","248,800,000","237,800,000","210,500,000","218,300,000","207,700,000","140,500,000","136,600,000","127,300,000","118,800,000","119,800,000"
	SellingGeneralAndAdministration,"741,861,000","742,241,000","658,168,000","563,105,000","553,827,000","585,195,000","522,568,000","506,563,000","486,077,000","462,347,000","405,672,000","410,912,000","416,459,000","413,041,000","398,293,000","366,881,000","350,695,000","343,041,000","334,856,000","354,298,000","333,873,000","340,300,000","333,400,000","255,400,000","245,800,000","234,800,000","224,200,000","197,700,000","205,700,000","196,600,000","132,300,000","127,800,000","119,000,000","111,100,000","112,700,000"
	DepreciationAmortizationDepletionIncomeStatement,,,,,,,,,,,,,,,,,,,,,"22,988,000","22,700,000","21,000,000","13,600,000","15,400,000","14,000,000","13,600,000","12,800,000","12,600,000","11,100,000","8,200,000","8,800,000","8,300,000","7,700,000","7,100,000"
		DepreciationAndAmortizationInIncomeStatement,,,,,,,,,,,,,,,,,,,,,"22,988,000","22,700,000","21,000,000","13,600,000","15,400,000","14,000,000","13,600,000","12,800,000","12,600,000","11,100,000","8,200,000","8,800,000","8,300,000","7,700,000","7,100,000"
OperatingIncome,"244,936,000","265,382,000","225,827,000","174,590,000","153,595,000","184,619,000","164,358,000","176,399,000","168,395,000","150,763,000","110,050,000","109,098,000","152,824,000","135,011,000","115,592,000","87,968,000","51,448,000","36,254,000","30,834,000","55,001,000","57,717,000","42,400,000","58,500,000","50,700,000","49,200,000","36,900,000","27,900,000","20,400,000","4,600,000","17,100,000","29,200,000","33,400,000","25,000,000","13,900,000","20,000,000"
NetNonOperatingInterestIncomeExpense,"-38,634,000","-40,188,000","-23,485,000","-8,541,000","-8,763,000","-7,869,000","-249,000","-165,000","9,000","-1,668,000","-5,458,000","-4,424,000",,,,,,,,,,,,,,,,,,,,,,,
	InterestIncomeNonOperating,,"600,000","657,000","290,000","241,000","252,000","651,000","456,000","466,000","413,000","280,000","1,099,000",,,,,,,,,,,,,,,,,,,,,,,
	InterestExpenseNonOperating,"39,234,000","40,788,000","24,142,000","8,831,000","9,004,000","8,121,000","900,000","621,000","457,000","2,081,000","5,738,000","5,523,000",,,,,,,,,,,,,,,,,,,,,,,
	TotalOtherFinanceCost,,"40,188,000","23,485,000","8,541,000","8,763,000","7,869,000","249,000","165,000","-9,000",,"5,458,000",,,,,,,,,,,,,,,,,,,,,,,,
OtherIncomeExpense,"-129,025,000","-30,713,000","2,376,000","917,000","-65,854,000","-879,000","2,153,000","1,431,000","-1,578,000","3,793,000","425,000","-38,860,000","-227,000","1,179,000","717,000","3,101,000","432,000","-24,000","-341,000","-548,000",,,"900,000","1,000,000","500,000","400,000","200,000","400,000","400,000","700,000","-3,400,000","300,000",,,"-12,500,000"
	GainOnSaleOfSecurity,"2,020,000","355,000","995,000",,,"-809,000","882,000",,,,,,,,,,,,,,,,,,,,,,,,,,,,
	SpecialIncomeCharges,"-131,000,000","-31,594,000",,"0","-64,794,000",,,,"-1,578,000","3,793,000","425,000","-38,860,000","-227,000","1,179,000","717,000","3,101,000","432,000","-24,000","-341,000","-548,000",,,"900,000","1,000,000","500,000","400,000","200,000","400,000","400,000","700,000","-3,400,000","300,000",,,"-12,500,000"
		ImpairmentOfCapitalAssets,"131,000,000","31,594,000",,"0","64,794,000",,,,,,"0","36,605,000",,,,,,,,,,,,,,,,,,,,,,,
		OtherSpecialCharges,,,,,,,,,,,"-425,000","2,255,000",,,,,,,,,,,,,,,,,,,,,,,
	OtherNonOperatingIncomeExpenses,"-45,000","526,000","1,381,000","917,000","-1,060,000","-70,000","1,271,000","1,431,000",,,,,,,,,,,,,,,,,,,,,,,,,,,
PretaxIncome,"77,277,000","194,481,000","204,718,000","166,966,000","78,978,000","175,871,000","166,262,000","177,665,000","166,826,000","152,888,000","105,017,000","65,814,000","151,715,000","133,830,000","113,099,000","86,339,000","46,471,000","30,932,000","23,755,000","45,348,000","50,548,000","32,600,000","49,800,000","45,100,000","40,800,000","29,700,000","21,700,000","15,300,000","-1,900,000","7,500,000","20,300,000","29,400,000","22,900,000","11,200,000","3,400,000"
TaxProvision,"43,421,000","50,488,000","63,093,000","33,056,000","49,401,000","60,387,000","53,441,000","59,516,000","58,047,000","56,129,000","39,114,000","23,554,000","56,259,000","47,808,000","40,800,000","31,000,000","15,000,000","11,100,000","9,000,000","17,300,000","19,500,000","12,700,000","19,700,000","18,000,000","17,500,000","12,800,000","9,000,000","6,400,000","-200,000","3,200,000","8,100,000","11,100,000","8,000,000","5,000,000","1,200,000"
NetIncomeCommonStockholders,"33,856,000","143,993,000","141,625,000","133,910,000","29,577,000","115,484,000","112,821,000","118,149,000","108,779,000","96,759,000","65,903,000","42,260,000","95,456,000","86,022,000","72,299,000","55,339,000","31,471,000","19,832,000","2,655,000","28,048,000","31,048,000","19,900,000","30,100,000","27,100,000","23,300,000","16,900,000","12,700,000","8,900,000","-1,700,000","4,300,000","12,200,000","18,300,000","14,900,000","6,200,000","2,200,000"
	NetIncome,"33,856,000","143,993,000","141,625,000","133,910,000","29,577,000","115,484,000","112,821,000","118,149,000","108,779,000","96,759,000","65,903,000","42,260,000","95,456,000","86,022,000","72,299,000","55,339,000","31,471,000","19,832,000","2,655,000","28,048,000","31,048,000","19,900,000","30,100,000","27,100,000","23,300,000","16,900,000","12,700,000","8,900,000","-1,700,000","4,300,000","12,200,000","18,300,000","14,900,000","6,200,000","2,200,000"
		NetIncomeIncludingNoncontrollingInterests,"33,856,000","143,993,000","141,625,000","133,910,000","29,577,000","115,484,000","112,821,000","118,149,000","108,779,000","96,759,000","65,903,000","42,260,000","95,456,000","86,022,000","72,299,000","55,339,000","31,471,000","19,832,000","2,655,000","28,048,000","31,048,000","19,900,000","30,100,000","27,100,000","23,300,000","16,900,000","12,700,000","8,900,000","-1,700,000","4,300,000","12,200,000","18,300,000","14,900,000","6,200,000","2,200,000"
			NetIncomeContinuousOperations,"33,856,000","143,993,000","141,625,000","133,910,000","29,577,000","115,484,000","112,821,000","118,149,000","108,779,000","96,759,000","65,903,000","42,260,000","95,456,000","86,022,000","72,299,000","55,339,000","31,471,000","19,832,000","14,755,000","28,048,000","31,048,000","19,900,000","30,100,000","27,100,000","23,300,000","16,900,000","12,700,000","8,900,000","-1,700,000","4,300,000","12,200,000","18,300,000","14,900,000","6,200,000","2,200,000"
			NetIncomeExtraordinary,,,,,,,,,,,,,,,,,,,"-12,100,000",,,,,,,,,,,,,,,,
DilutedNIAvailtoComStockholders,"33,856,000","143,993,000","141,625,000","133,910,000","29,577,000","115,484,000","112,821,000","118,149,000","108,779,000","96,759,000","65,903,000","42,260,000","95,456,000","86,022,000","72,299,000","55,339,000","31,471,000","19,832,000","2,655,000","28,048,000","31,048,000","19,900,000","30,100,000","27,100,000","23,300,000","16,900,000","12,700,000","8,900,000","-1,700,000","4,300,000","12,200,000","18,300,000","14,900,000","6,200,000","2,200,000"
BasicEPS,,"3.72","3.65","3.43","0.75","2.82","2.69","2.81","2.58","2.28","1.56","1","2.23","1.97","1.62","1.247","0.729","0.467","0.062","0.636","0.676","0.413","0.622","0.649","0.563","0.435","0.066","0.048","-0.01","0.024","0.066","0.096","0.049","0.012","0.004"
DilutedEPS,,"3.68","3.61","3.4","0.75","2.8","2.67","2.78","2.54","2.24","1.54","0.99","2.19","1.93","1.57","1.2","0.711","0.458","0.058","0.627","0.667","0.413","0.613","0.649","0.563","0.435","0.066","0.048","-0.01","0.024","0.066","0.096","0.046","0.012","0.004"
BasicAverageShares,,"38,670,000","38,752,000","39,013,000","39,254,000","40,892,000","41,942,000","42,060,000","42,139,000","42,433,000","42,312,000","42,287,000","42,797,000","43,665,990","44,629,012","44,389,572","43,176,677","42,497,143","42,669,643","44,131,469","45,959,211","48,145,161","48,375,000","41,763,699","41,388,158","38,889,205","38,115,010","36,977,763","35,894,346","35,653,837","35,966,274","37,312,678","39,061,429","42,077,912","45,582,156"
DilutedAverageShares,,"39,160,000","39,281,000","39,404,000","39,466,000","41,187,000","42,331,000","42,542,000","42,823,000","43,254,000","42,917,000","42,794,000","43,552,000","44,570,984","46,050,318","46,115,833","44,256,094","43,322,330","45,951,923","44,757,447","46,572,000","48,145,161","49,076,087","41,763,699","41,388,158","38,889,205","38,115,010","36,977,763","35,894,346","35,653,837","35,966,274","37,312,678","39,061,429","42,077,912","45,582,156"
TotalOperatingIncomeAsReported,"113,936,000","233,788,000","225,827,000","174,590,000","88,801,000","184,619,000","164,358,000","176,399,000","168,395,000","150,763,000","110,050,000","72,493,000","152,824,000","135,011,000","115,592,000","87,968,000","51,448,000","36,254,000","30,834,000","55,001,000","57,717,000","42,400,000","58,500,000","50,700,000","49,200,000","36,900,000","27,900,000","20,400,000","4,600,000","17,100,000","29,200,000","33,400,000","25,000,000","13,900,000","20,000,000"
TotalExpenses,"3,158,383,000","3,207,357,000","2,847,447,000","2,419,156,000","2,365,833,000","2,566,942,000","2,295,520,000","2,285,772,000","2,207,050,000","2,062,086,000","1,783,158,000","1,814,050,000","1,936,632,000","1,879,098,000","1,785,188,000","1,629,087,000","1,465,556,000","1,428,113,000","1,415,735,000","1,570,754,000","1,513,988,000","1,485,500,000","1,432,900,000","1,109,600,000","1,094,500,000","1,017,900,000","908,400,000","811,000,000","813,200,000","796,900,000","622,100,000","596,900,000","517,900,000","477,100,000","470,200,000"
NetIncomeFromContinuingAndDiscontinuedOperation,"33,856,000","143,993,000","141,625,000","133,910,000","29,577,000","115,484,000","112,821,000","118,149,000","108,779,000","96,759,000","65,903,000","42,260,000","95,456,000","86,022,000","72,299,000","55,339,000","31,471,000","19,832,000","14,755,000","28,048,000","31,048,000","19,900,000","30,100,000","27,100,000","23,300,000","16,900,000","12,700,000","8,900,000","-1,700,000","4,300,000","12,200,000","18,300,000","14,900,000","6,200,000","2,200,000"
NormalizedIncome,"111,244,000","167,109,860","140,936,460","133,910,000","68,453,400","116,015,513","112,222,122","118,149,000","109,807,856","94,358,504.951","65,636,292.943","67,212,496.429","95,598,823.795","85,264,173.369","71,840,654.807","53,351,413.405","31,178,441.802","19,847,387.56","14,966,806.146","28,386,941.166","31,048,000","19,900,000","29,556,024.096","26,499,113.082","23,000,000","16,660,000","12,580,000","8,660,000","-2,057,894.737","3,880,000","14,243,349.754","18,113,265.306","14,900,000","6,200,000","10,288,235.294"
InterestIncome,,"600,000","657,000","290,000","241,000","252,000","651,000","456,000","466,000","413,000","280,000","1,099,000",,,,,,,,,,,,,,,,,,,,,,,
InterestExpense,"39,234,000","40,788,000","24,142,000","8,831,000","9,004,000","8,121,000","900,000","621,000","457,000","2,081,000","5,738,000","5,523,000",,,,,,,,,,,,,,,,,,,,,,,
NetInterestIncome,"-38,634,000","-40,188,000","-23,485,000","-8,541,000","-8,763,000","-7,869,000","-249,000","-165,000","9,000","-1,668,000","-5,458,000","-4,424,000",,,,,,,,,,,,,,,,,,,,,,,
EBIT,"116,511,000","235,269,000","228,860,000","175,797,000","87,982,000","183,992,000","167,162,000","178,286,000","167,283,000","154,969,000","110,755,000","71,337,000","152,824,000","135,011,000","115,592,000","87,968,000","51,448,000","36,254,000","30,834,000","55,001,000","57,717,000","42,400,000","58,500,000","50,700,000","49,200,000","36,900,000","27,900,000","20,400,000","4,600,000","17,100,000","29,200,000","33,400,000","25,000,000","13,900,000","20,000,000"
EBITDA,"179,430,000"
ReconciledCostOfRevenue,"2,416,522,000","2,465,116,000","2,189,279,000","1,856,051,000","1,812,006,000","1,981,747,000","1,772,952,000","1,779,209,000","1,720,973,000","1,599,739,000","1,377,486,000","1,403,138,000","1,520,173,000","1,466,057,000","1,386,895,000","1,262,206,000","1,114,861,000","1,085,072,000","1,080,879,000","1,216,456,000","1,157,127,000","1,122,500,000","1,078,500,000","840,600,000","833,300,000","769,100,000","670,600,000","600,500,000","594,900,000","589,200,000","481,600,000","460,300,000","390,600,000","358,300,000","350,400,000"
ReconciledDepreciation,"62,919,000","62,119,000","49,863,000","39,677,000","41,546,000","42,375,000","28,000,000","25,734,000","22,701,000","22,616,000","21,616,000","22,391,000","14,044,000","13,743,000","12,337,000","16,471,000","16,252,000","15,205,000","17,548,000","22,509,000","22,988,000","22,700,000","21,000,000","13,600,000","15,400,000","14,000,000","13,600,000","12,800,000","12,600,000","11,100,000","8,200,000","8,800,000","8,300,000","7,700,000","7,100,000"
NetIncomeFromContinuingOperationNetMinorityInterest,"33,856,000","143,993,000","141,625,000","133,910,000","29,577,000","115,484,000","112,821,000","118,149,000","108,779,000","96,759,000","65,903,000","42,260,000","95,456,000","86,022,000","72,299,000","55,339,000","31,471,000","19,832,000","14,755,000","28,048,000","31,048,000","19,900,000","30,100,000","27,100,000","23,300,000","16,900,000","12,700,000","8,900,000","-1,700,000","4,300,000","12,200,000","18,300,000","14,900,000","6,200,000","2,200,000"
TotalUnusualItemsExcludingGoodwill,"-128,980,000","-31,239,000","995,000","0","-64,794,000","-809,000","882,000",,"-1,578,000","3,793,000","425,000","-38,860,000","-227,000","1,179,000","717,000","3,101,000","432,000","-24,000","-341,000","-548,000",,,"900,000","1,000,000","500,000","400,000","200,000","400,000","400,000","700,000","-3,400,000","300,000",,,"-12,500,000"
TotalUnusualItems,"-128,980,000","-31,239,000","995,000","0","-64,794,000","-809,000","882,000",,"-1,578,000","3,793,000","425,000","-38,860,000","-227,000","1,179,000","717,000","3,101,000","432,000","-24,000","-341,000","-548,000",,,"900,000","1,000,000","500,000","400,000","200,000","400,000","400,000","700,000","-3,400,000","300,000",,,"-12,500,000"
NormalizedEBITDA,"308,410,000","328,627,000","277,728,000","215,474,000","194,322,000","227,176,000","194,280,000","204,020,000","191,562,000","173,792,000","131,946,000","132,588,000","167,095,000","147,575,000","127,212,000","101,338,000","67,268,000","51,483,000","48,723,000","78,058,000","80,705,000","65,100,000","78,600,000","63,300,000","64,100,000","50,500,000","41,300,000","32,800,000","16,800,000","27,500,000","40,800,000","41,900,000","33,300,000","21,600,000","39,600,000"
TaxRateForCalcs,"0.4","0.26","0.308","0.198","0.4","0.343","0.321","0.335","0.348","0.367","0.372","0.358","0.371","0.357","0.361","0.359","0.323","0.359","0.379","0.381","0.386","0.39","0.396","0.399","0.4","0.4","0.4","0.4","0.105","0.4","0.399","0.378","0.349","0.4","0.353"
TaxEffectOfUnusualItems,"-51,592,000","-8,122,140","306,460","0","-25,917,600","-277,487","283,122","0","-549,144","1,392,504.951","158,292.943","-13,907,503.571","-84,176.205","421,173.369","258,654.807","1,113,413.405","139,441.802","-8,612.44","-129,193.854","-209,058.834","0","0","356,024.096","399,113.082","200,000","160,000","80,000","160,000","42,105.263","280,000","-1,356,650.246","113,265.306","0","0","-4,411,764.706"