name,ttm,03/31/2020,12/31/2019,09/30/2019,06/30/2019,03/31/2019,12/31/2018,09/30/2018,06/30/2018,03/31/2018,12/31/2017,09/30/2017,06/30/2017,03/31/2017,12/31/2016,09/30/2016,06/30/2016,03/31/2016,12/31/2015,09/30/2015,06/30/2015,03/31/2015,12/31/2014,09/30/2014,06/30/2014,03/31/2014,12/31/2013,09/30/2013,06/30/2013,03/31/2013,12/31/2012,09/30/2012,06/30/2012,03/31/2012,12/31/2011,09/30/2011,06/30/2011,03/31/2011,12/31/2010,09/30/2010,06/30/2010,03/31/2010,12/31/2009,09/30/2009,06/30/2009,03/31/2009,12/31/2008,09/30/2008,06/30/2008,03/31/2008,12/31/2007,09/30/2007,06/30/2007,03/31/2007,12/31/2006,09/30/2006,06/30/2006,03/31/2006,12/31/2005,09/30/2005,06/30/2005,03/31/2005,12/31/2004,09/30/2004,06/30/2004,03/31/2004,12/31/2003,09/30/2003,06/30/2003,03/31/2003,12/31/2002,09/30/2002,06/30/2002,03/31/2002,12/31/2001,09/30/2001,06/30/2001,03/31/2001,12/31/2000,09/30/2000,06/30/2000,03/31/2000,12/31/1999,09/30/1999,06/30/1999,03/31/1999,12/31/1998,09/30/1998,06/30/1998,03/31/1998,12/31/1997,09/30/1997,06/30/1997,03/31/1997,12/31/1996,09/30/1996,06/30/1996,03/31/1996,12/31/1995,09/30/1995,06/30/1995,03/31/1995,12/31/1994,09/30/1994,06/30/1994,03/31/1994,12/31/1993,09/30/1993,06/30/1993,03/31/1993,12/31/1992,09/30/1992,06/30/1992,03/31/1992,12/31/1991,09/30/1991,06/30/1991,03/31/1991,12/31/1990,09/30/1990,06/30/1990,03/31/1990,12/31/1989,09/30/1989,06/30/1989,03/31/1989,12/31/1988,09/30/1988,06/30/1988,03/31/1988,12/31/1987,09/30/1987,06/30/1987,03/31/1987,12/31/1986,09/30/1986,06/30/1986,03/31/1986,12/31/1985,09/30/1985
TotalRevenue,"3,403,319,000","830,797,000","833,375,000","856,404,000","882,743,000","885,443,000","840,038,000","864,515,000","897,721,000","827,665,000","667,187,000","680,701,000","681,471,000","679,304,000","608,123,000","624,848,000","634,006,000","633,172,000","610,346,000","641,904,000","677,540,000","679,994,000","691,702,000","702,325,000","654,618,000","618,006,000","581,949,000","605,305,000","640,481,000","621,654,000","589,517,000","610,519,000","620,013,000","605,461,000","570,397,000","579,574,000","589,861,000","565,970,000","529,517,000","527,501,000","523,071,000","486,141,000","446,253,000","437,743,000","425,183,000","451,647,000","502,412,000","543,906,000","529,745,000","530,156,000","511,008,000","518,547,000","528,025,000","521,129,000","472,365,000","492,590,000","504,197,000","497,198,000","456,180,000","443,205,000","453,320,000","446,470,000","404,139,000","413,126,000","405,094,000","391,053,000","359,711,000","361,146,000","372,438,000","368,203,000","355,707,000","368,019,000","369,487,000","361,542,000","347,550,000","367,990,000","390,602,000","408,839,000","405,438,000","420,876,000","405,214,000","413,194,000","372,600,000","380,700,000","390,700,000","386,600,000","371,400,000","379,200,000","384,200,000","393,900,000","368,600,000","344,700,000","305,900,000","297,200,000","275,000,000","282,200,000","295,400,000","296,100,000","271,900,000","273,500,000","280,300,000","277,000,000","249,900,000","247,600,000","247,600,000","239,700,000","218,400,000","214,800,000","217,900,000","210,800,000","198,500,000","204,200,000","209,000,000","208,100,000","198,600,000","202,000,000","203,600,000","201,200,000","203,200,000","206,000,000","164,900,000","171,100,000","158,700,000","156,600,000","168,200,000","165,400,000","153,300,000","143,500,000","145,600,000","140,100,000","132,300,000","124,900,000","130,500,000","125,000,000","118,300,000","117,200,000","126,300,000","122,300,000","121,700,000","119,900,000"
	OperatingRevenue,"3,403,319,000","830,797,000","833,375,000","856,404,000","882,743,000","885,443,000","840,038,000","864,515,000","897,721,000","827,665,000","667,187,000","680,701,000","681,471,000","679,304,000","608,123,000","624,848,000","634,006,000","633,172,000","610,346,000","641,904,000","677,540,000","679,994,000","691,702,000","702,325,000","654,618,000","618,006,000","581,949,000","605,305,000","640,481,000","621,654,000","589,517,000","610,519,000","620,013,000","605,461,000","570,397,000","579,574,000","589,861,000","565,970,000","529,517,000","527,501,000","523,071,000","486,141,000","446,253,000","437,743,000","425,183,000","451,647,000","502,412,000","543,906,000","529,745,000","530,156,000","511,008,000","518,547,000","528,025,000","521,129,000","472,365,000","492,590,000","504,197,000","497,198,000","456,180,000","443,205,000","453,320,000","446,470,000","404,139,000","413,126,000","405,094,000","391,053,000","359,711,000","361,146,000","372,438,000","368,203,000","355,707,000","368,019,000","369,487,000","361,542,000","347,550,000","367,990,000","390,602,000","408,839,000","405,438,000","420,876,000","405,214,000","413,194,000","372,600,000","380,700,000","390,700,000","386,600,000","371,400,000","379,200,000","384,200,000","393,900,000","368,600,000","344,700,000","305,900,000","297,200,000","275,000,000","282,200,000","295,400,000","296,100,000","271,900,000","273,500,000","280,300,000","277,000,000","249,900,000","247,600,000","247,600,000","239,700,000","218,400,000","214,800,000","217,900,000","210,800,000","198,500,000","204,200,000","209,000,000","208,100,000","198,600,000","202,000,000","203,600,000","201,200,000","203,200,000","206,000,000","164,900,000","171,100,000","158,700,000","156,600,000","168,200,000","165,400,000","153,300,000","143,500,000","145,600,000","140,100,000","132,300,000","124,900,000","130,500,000","125,000,000","118,300,000","117,200,000","126,300,000","122,300,000","121,700,000","119,900,000"
CostOfRevenue,"2,416,522,000","594,045,000","592,141,000","604,944,000","625,392,000","629,884,000","597,178,000","612,662,000","634,034,000","588,141,000","478,827,000","488,277,000","485,364,000","488,502,000","435,667,000","446,518,000","455,556,000","458,379,000","437,179,000","460,892,000","485,734,000","492,631,000","495,989,000","507,393,000","472,090,000","446,786,000","418,566,000","435,510,000","459,371,000","447,254,000","426,598,000","445,986,000","447,327,000","437,848,000","414,928,000","420,870,000","420,718,000","409,404,000","385,236,000","384,381,000","370,054,000","355,785,000","329,348,000","322,299,000","308,946,000","329,401,000","366,943,000","397,848,000","386,509,000","385,656,000","371,517,000","376,491,000","385,830,000","380,557,000","342,214,000","357,456,000","370,828,000","360,383,000","334,783,000","320,901,000","331,234,000","327,177,000","300,191,000","303,604,000","296,017,000","286,630,000","264,545,000","267,669,000","271,968,000","270,471,000","264,516,000","278,117,000","275,111,000","269,672,000","260,537,000","275,559,000","308,619,000","301,451,000","295,561,000","310,825,000","297,543,000","304,439,000","274,000,000","281,000,000","286,200,000","283,400,000","273,400,000","279,500,000","272,200,000","286,300,000","268,900,000","251,100,000","220,600,000","218,400,000","196,200,000","205,400,000","213,700,000","216,900,000","197,500,000","200,500,000","202,100,000","203,200,000","183,200,000","180,600,000","175,600,000","170,900,000","155,700,000","156,700,000","153,500,000","152,900,000","143,800,000","150,400,000","151,700,000","152,900,000","143,200,000","150,400,000","143,800,000","144,000,000","151,700,000","155,300,000","115,300,000","129,900,000","119,200,000",,,,,,,,,,,,,,,,,
GrossProfit,"986,797,000","236,752,000","241,234,000","251,460,000","257,351,000","255,559,000","242,860,000","251,853,000","263,687,000","239,524,000","188,360,000","192,424,000","196,107,000","190,802,000","172,456,000","178,330,000","178,450,000","174,793,000","173,167,000","181,012,000","191,806,000","187,363,000","195,713,000","194,932,000","182,528,000","171,220,000","163,383,000","169,795,000","181,110,000","174,400,000","162,919,000","164,533,000","172,686,000","167,613,000","155,469,000","158,704,000","169,143,000","156,566,000","144,281,000","143,120,000","153,017,000","130,356,000","116,905,000","115,444,000","116,237,000","122,246,000","135,469,000","146,058,000","143,236,000","144,500,000","139,491,000","142,056,000","142,195,000","140,572,000","130,151,000","135,134,000","133,369,000","136,815,000","121,397,000","122,304,000","122,086,000","119,293,000","103,948,000","109,522,000","109,077,000","104,423,000","95,166,000","93,477,000","100,470,000","97,732,000","91,191,000","89,902,000","94,376,000","91,870,000","87,013,000","92,431,000","81,983,000","107,388,000","109,877,000","110,051,000","107,671,000","108,755,000","98,600,000","99,700,000","104,500,000","103,200,000","98,000,000","99,700,000","112,000,000","107,600,000","99,700,000","93,600,000","85,300,000","78,800,000","78,800,000","76,800,000","81,700,000","79,200,000","74,400,000","73,000,000","78,200,000","73,800,000","66,700,000","67,000,000","72,000,000","68,800,000","62,700,000","58,100,000","64,400,000","57,900,000","54,700,000","53,800,000","57,300,000","55,200,000","55,400,000","51,600,000","59,800,000","57,200,000","51,500,000","50,700,000","49,600,000","41,200,000","39,500,000",,,,,,,,,,,,,,,,,
OperatingExpense,"741,861,000","183,702,000","182,489,000","190,294,000","185,376,000","189,456,000","181,895,000","185,514,000","192,856,000","183,080,000","141,645,000","140,587,000","147,858,000","145,335,000","134,800,000","135,112,000","136,005,000","143,031,000","134,805,000","139,986,000","143,931,000","143,591,000","148,906,000","148,767,000","137,719,000","131,047,000","123,546,000","130,256,000","133,075,000","130,923,000","122,350,000","120,215,000","122,912,000","125,594,000","122,134,000","115,437,000","124,528,000","118,365,000","111,225,000","108,229,000","106,548,000","103,319,000","98,002,000","97,803,000","94,340,000","101,227,000","106,662,000","108,683,000","104,581,000","106,815,000","102,223,000","102,840,000","103,595,000","106,467,000","101,222,000","101,757,000","102,878,000","104,730,000","96,183,000","94,502,000","96,924,000","95,213,000","86,725,000","88,019,000","90,755,000","89,543,000","85,916,000","84,481,000","89,534,000","87,578,000","83,871,000","82,058,000","85,519,000","86,037,000","80,981,000","82,319,000","86,063,000","88,797,000","95,192,000","95,818,000","89,682,000","93,157,000","86,500,000","87,600,000","90,200,000","90,400,000","87,600,000","94,800,000","94,900,000","90,200,000","85,500,000","83,800,000","69,400,000","66,400,000","67,100,000","66,100,000","66,800,000","66,300,000","63,300,000","63,300,000","65,200,000","64,300,000","59,100,000","60,300,000","61,500,000","62,300,000","57,500,000","52,800,000","57,100,000","52,400,000","50,700,000","50,200,000","60,800,000","53,100,000","52,900,000","48,100,000","53,800,000","54,200,000","47,600,000","46,500,000","42,400,000","35,000,000","31,700,000",,,,,,,,,,,,,,,,,
	SellingGeneralAndAdministration,"741,861,000","183,702,000","182,489,000","190,294,000","185,376,000","189,456,000","181,895,000","185,514,000","192,856,000","183,080,000","141,645,000","140,587,000","147,858,000","145,335,000","134,800,000","135,112,000","136,005,000","143,031,000","134,805,000","139,986,000","143,931,000","143,591,000","148,906,000","148,767,000","137,719,000","131,047,000","123,546,000","130,256,000","133,075,000","130,923,000","122,350,000","120,215,000","122,912,000","125,594,000","122,134,000","115,437,000","124,528,000","118,365,000","111,225,000","108,229,000","106,548,000","103,319,000","98,002,000","97,803,000","94,340,000","101,227,000","106,662,000","108,683,000","104,581,000","106,815,000","102,223,000","102,840,000","103,595,000","106,467,000","101,222,000","101,757,000","102,878,000","104,730,000","96,183,000","94,502,000","96,924,000","95,213,000","86,725,000","88,019,000","90,755,000","89,543,000","85,916,000","84,481,000","89,534,000","87,578,000","83,871,000","82,058,000","85,519,000","86,037,000","80,981,000","82,319,000","86,063,000","88,797,000","89,217,000","90,221,000","84,127,000","87,424,000","80,600,000","81,700,000","84,200,000","84,600,000","81,800,000","89,700,000","89,000,000","85,100,000","80,800,000","78,500,000","66,600,000","62,800,000","63,300,000","62,700,000","62,300,000","62,700,000","59,700,000","59,600,000","61,700,000","60,700,000","55,600,000","56,900,000","57,900,000","59,000,000","54,300,000","49,300,000","54,000,000","49,200,000","47,500,000","47,000,000","58,000,000","50,000,000","49,600,000","48,100,000","51,100,000","51,400,000","47,600,000","46,500,000","34,200,000","35,000,000","31,700,000",,,,,,,,,,,,,,,,,
	DepreciationAmortizationDepletionIncomeStatement,,,,,,,,,,,,,,,,,,,,,,,,,,,,,,,,,,,,,,,,,,,,,,,,,,,,,,,,,,,,,,,,,,,,,,,,,,,,,,"5,351,000","5,975,000","5,597,000","5,555,000","5,733,000","5,900,000","5,900,000","6,000,000","5,800,000","5,800,000","5,100,000","5,900,000","5,100,000","4,700,000","5,300,000","2,800,000","3,600,000","3,800,000","3,400,000","4,500,000","3,600,000","3,600,000","3,700,000","3,500,000","3,600,000","3,500,000","3,400,000","3,600,000","3,300,000","3,200,000","3,500,000","3,100,000","3,200,000","3,200,000","3,200,000","2,800,000","3,100,000","3,300,000",,"2,700,000","2,800,000",,,,,,,,,,,,,,,,,,,,,,
		DepreciationAndAmortizationInIncomeStatement,,,,,,,,,,,,,,,,,,,,,,,,,,,,,,,,,,,,,,,,,,,,,,,,,,,,,,,,,,,,,,,,,,,,,,,,,,,,,,"5,351,000","5,975,000","5,597,000","5,555,000","5,733,000","5,900,000","5,900,000","6,000,000","5,800,000","5,800,000","5,100,000","5,900,000","5,100,000","4,700,000","5,300,000","2,800,000","3,600,000","3,800,000","3,400,000","4,500,000","3,600,000","3,600,000","3,700,000","3,500,000","3,600,000","3,500,000","3,400,000","3,600,000","3,300,000","3,200,000","3,500,000","3,100,000","3,200,000","3,200,000","3,200,000","2,800,000","3,100,000","3,300,000",,"2,700,000","2,800,000",,,,,,,,,,,,,,,,,,,,,,
	OtherOperatingExpenses,,,,,,,,,,,,,,,,,,,,,,,,,,,,,,,,,,,,,,,,,,,,,,,,,,,,,,,,,,,,,,,,,,,,,,,,,,,,,,"-5,351,000",,,,,,,,,,,,,,,,,,,,,,,,,,,,,,,,,,,,,,,,,,,,,,,,,,,,,,,,,,,,,,
OperatingIncome,"244,936,000","53,050,000","58,745,000","61,166,000","71,975,000","66,103,000","60,965,000","66,339,000","70,831,000","56,444,000","46,715,000","51,837,000","48,249,000","45,467,000","37,656,000","43,218,000","42,445,000","31,762,000","38,362,000","41,026,000","47,875,000","43,772,000","46,807,000","46,165,000","44,809,000","40,173,000","39,837,000","39,539,000","48,035,000","43,477,000","40,569,000","44,318,000","49,774,000","42,019,000","33,335,000","43,267,000","44,615,000","38,201,000","33,056,000","34,891,000","46,469,000","27,037,000","18,903,000","17,641,000","21,897,000","21,019,000","28,807,000","37,375,000","38,655,000","37,685,000","37,268,000","39,216,000","38,600,000","34,105,000","28,929,000","33,377,000","30,491,000","32,085,000","25,214,000","27,802,000","25,162,000","24,080,000","17,223,000","21,503,000","18,322,000","14,880,000","9,250,000","8,996,000","10,936,000","10,154,000","7,320,000","7,844,000","8,857,000","5,833,000","6,032,000","10,112,000","-4,080,000","18,591,000","14,685,000","14,233,000","17,989,000","15,598,000","12,100,000","12,100,000","14,300,000","12,800,000","10,400,000","4,900,000","17,100,000","17,400,000","14,200,000","9,800,000","15,900,000","12,400,000","11,700,000","10,700,000","14,900,000","12,900,000","11,100,000","9,700,000","13,000,000","9,500,000","7,600,000","6,700,000","10,500,000","6,500,000","5,200,000","5,300,000","7,300,000","5,500,000","4,000,000","3,600,000","-3,500,000","2,100,000","2,500,000","3,500,000","6,000,000","3,000,000","3,900,000","4,200,000","7,200,000","6,200,000","7,800,000","156,600,000","-428,700,000","165,400,000","153,300,000","143,500,000","-372,300,000","140,100,000","132,300,000","124,900,000","-346,600,000","125,000,000","118,300,000","117,200,000","-343,900,000","122,300,000","121,700,000","119,900,000"
NetNonOperatingInterestIncomeExpense,"-38,634,000","-8,805,000","-9,583,000","-10,059,000","-10,187,000","-9,947,000","-9,578,000","-10,476,000","-10,964,000","-8,216,000","-2,139,000","-2,166,000","-2,130,000","-2,165,000","-2,100,000","-2,146,000","-2,059,000","-2,359,000","-2,158,000","-2,187,000","-2,131,000","-2,121,000","-1,955,000","-1,662,000","-351,000","11,000","152,000","-61,000","-18,000","-107,000","-15,000","-25,000","120,000","-54,000","-10,000","-47,000","-34,000","-52,000","458,000","-1,124,000","-1,537,000","-1,374,000","-1,333,000","-1,214,000","-1,254,000","-1,183,000",,,,,,,,,,,,,,,,,,,,,,,,,,,,,,,,,,,,,,,,,,,,,,,,,,,,,,,,,,,,,,,,,,,,,,,,,,,,,,,,,,,,,,,,,,,,,,
	InterestExpenseNonOperating,"39,234,000","8,805,000",,"10,059,000",,,,,,,,,,,,,,,,,,,,,,,,,,,,"25,000",,,"10,000","47,000","447,000","52,000","458,000","1,124,000","1,817,000","1,374,000","1,333,000","1,214,000","2,353,000","1,183,000",,,,,,,,,,,,,,,,,,,,,,,,,,,,,,,,,,,,,,,,,,,,,,,,,,,,,,,,,,,,,,,,,,,,,,,,,,,,,,,,,,,,,,,,,,,,,,
	TotalOtherFinanceCost,,,"9,583,000","10,059,000","10,187,000","9,947,000","9,578,000","10,476,000","10,964,000","8,216,000","2,139,000","2,166,000","2,130,000","2,165,000","2,100,000","2,146,000","2,059,000","2,359,000","2,158,000","2,187,000","2,131,000","2,121,000","1,955,000","1,662,000","351,000","-11,000","-152,000","61,000","18,000","107,000","15,000","25,000","-120,000","54,000","10,000",,,"-52,000","-458,000",,,,,,,,,,,,,,,,,,,,,,,,,,,,,,,,,,,,,,,,,,,,,,,,,,,,,,,,,,,,,,,,,,,,,,,,,,,,,,,,,,,,,,,,,,,,,,,,,,,,,
OtherIncomeExpense,"-129,025,000","-129,572,000","215,000",,"332,000","-30,338,000","-946,000","239,000","354,000","1,291,000","20,000","711,000","261,000","47,000","211,000","398,000","64,000","-64,859,000","-55,000","-1,004,000","-1,142,000","887,000","-380,000","-244,000","404,000","388,000","270,000","1,091,000","-482,000","1,027,000","427,000","459,000","-755,000","1,887,000","-778,000","-1,932,000","384,000","2,645,000","-421,000","-343,000","-217,000","397,000","-58,000","103,000","-35,737,000","-83,000","-2,225,000","-815,000","326,000","-162,000","-161,000","-230,000","82,000","308,000","720,000","69,000","148,000","405,000","314,000","-150,000","303,000","2,640,000","-112,000","270,000","32,000","458,000","108,000","-166,000","2,268,000","-1,966,000","-38,000","-288,000","-483,000","-58,000","450,000","-250,000",,,,,,,,,,"100,000","100,000","200,000","200,000","200,000","200,000","300,000","300,000","100,000","300,000","300,000","100,000","200,000","100,000",,"200,000","100,000","100,000","100,000","0","100,000","100,000","100,000","100,000","100,000","100,000","100,000","100,000","100,000","100,000","100,000","200,000","200,000","200,000","200,000","-3,800,000","200,000","100,000",,,,,,,,,,,,,,,,,
	GainOnSaleOfSecurity,"2,020,000","1,319,000","210,000","277,000","214,000","1,012,000","-1,186,000","315,000","290,000","-130,000","157,000","679,000",,"-98,000","307,000",,,"-232,000","127,000","-977,000","-1,074,000","719,000","-310,000","-145,000","480,000","64,000","347,000","-9,000",,"833,000","483,000",,,,,,,,,,,,,,,,,,,,,,,,,,,,,,,,,,,,,,,,,,,,,,,,,,,,,,,,,,,,,,,,,,,,,,,,,,,,,,,,,,,,,,,,,,,,,,,,,,,,,,,,,,,,,
	SpecialIncomeCharges,"-131,000,000","-131,000,000",,,"0","-31,594,000",,,,,,,"0","0",,,"0","-64,794,000",,,,,,,,,,,,,,"459,000","-755,000","1,887,000","-778,000","-1,932,000","384,000","2,645,000","-421,000","-343,000","-217,000","397,000","-58,000","103,000","-35,737,000","-83,000","-2,225,000","-815,000","326,000","-162,000","-161,000","-230,000","82,000","308,000","720,000","69,000","148,000","405,000","314,000","-150,000","303,000","2,640,000","-112,000","270,000","32,000","458,000","108,000","-166,000","2,268,000","-1,966,000","-38,000","-288,000","-483,000","-58,000","450,000","-250,000",,,,,,,,,,"100,000","100,000","200,000","200,000","200,000","200,000","300,000","300,000","100,000","300,000","300,000","100,000","200,000","100,000",,"200,000","100,000","100,000","100,000","0","100,000","100,000","100,000","100,000","100,000","100,000","100,000","100,000","100,000","100,000","100,000","200,000","200,000","200,000","200,000","-3,800,000","200,000","100,000",,,,,,,,,,,,,,,,,
		ImpairmentOfCapitalAssets,"131,000,000","131,000,000",,,"0","31,594,000",,,,,,,"0","0",,,"0","64,794,000",,,,,,,,,,,,,,,,,,,,,,,,,,,,,,,,,,,,,,,,,,,,,,,,,,,,,,,,,,,,,,,,,,,,,,,,,,,,,,,,,,,,,,,,,,,,,,,,,,,,,,,,,,,,,,,,,,,,,,,,,,
	OtherNonOperatingIncomeExpenses,"-45,000","109,000","5,000","-277,000","118,000","244,000","240,000","-76,000","64,000","1,421,000","-137,000","32,000","949,000","145,000","-96,000","398,000","-1,018,000","167,000","-182,000","-27,000","-68,000","168,000","-70,000","-99,000","-76,000","324,000","-77,000","1,100,000","1,357,000","194,000","-56,000",,,,,,,,,,,,,,,,,,,,,,,,,,,,,,,,,,,,,,,,,,,,,,,,,,,,,,,,,,,,,,,,,,,,,,,,,,,,,,,,,,,,,,,,,,,,,,,,,,,,,,,,,,,,,
PretaxIncome,"77,277,000","-85,327,000","49,377,000","51,107,000","62,120,000","25,818,000","50,441,000","56,102,000","60,221,000","49,519,000","44,596,000","50,382,000","46,380,000","43,349,000","35,767,000","41,470,000","40,450,000","-35,456,000","36,149,000","37,835,000","44,602,000","42,538,000","44,472,000","44,259,000","44,862,000","40,572,000","40,259,000","40,569,000","47,535,000","44,397,000","40,981,000","44,752,000","49,139,000","43,852,000","32,547,000","41,288,000","44,965,000","40,794,000","33,019,000","34,110,000","44,715,000","26,060,000","17,512,000","16,730,000","-15,094,000","19,753,000","25,280,000","35,875,000","38,615,000","37,282,000","37,106,000","38,712,000","38,328,000","33,664,000","29,039,000","32,799,000","30,165,000","31,490,000","24,564,000","26,880,000","24,583,000","25,506,000","15,780,000","20,470,000","17,065,000","13,941,000","7,953,000","7,512,000","11,804,000","6,893,000","5,940,000","6,295,000","6,661,000","4,397,000","4,728,000","7,969,000","9,899,000","11,256,000","12,162,000","12,031,000","16,267,000","13,952,000","10,400,000","9,900,000","12,000,000","10,800,000","7,500,000","2,300,000","14,900,000","15,200,000","12,100,000","7,600,000","14,300,000","10,900,000","10,400,000","9,500,000","13,100,000","10,700,000","8,800,000","7,700,000","11,200,000","7,400,000","5,800,000","5,200,000","8,800,000","5,100,000","3,800,000","3,900,000","5,900,000","4,000,000","3,000,000","2,500,000","-5,000,000","600,000","800,000","1,700,000","3,900,000","700,000","1,200,000","1,800,000","1,700,000","5,200,000","6,600,000",,,,,,,,,,,,,,,,,
TaxProvision,"43,421,000","-2,550,000","11,346,000","12,308,000","22,317,000","9,283,000","11,724,000","7,164,000","19,859,000","12,927,000","13,646,000","16,661,000","-6,580,000","13,855,000","11,682,000","14,099,000","14,383,000","9,272,000","12,202,000","13,544,000","16,557,000","13,928,000","14,765,000","15,137,000","15,188,000","10,178,000","14,350,000","13,725,000","15,263,000","15,095,000","13,938,000","15,220,000","17,095,000","14,434,000","11,612,000","14,906,000","16,690,000","14,258,000","11,826,000","13,355,000","17,011,000","9,535,000","7,025,000","5,543,000","-7,064,000","8,193,000","9,086,000","13,339,000","14,178,000","13,687,000","14,139,000","14,255,000","13,688,000","11,967,000","10,471,000","11,682,000","10,000,000","11,500,000","9,270,000","10,030,000","8,600,000","9,170,000","5,800,000","7,430,000","6,170,000","3,330,000","2,820,000","2,680,000","4,120,000","2,510,000","2,080,000","2,390,000","2,420,000","1,690,000","1,810,000","3,080,000","3,400,000","4,300,000","4,800,000","4,800,000","5,618,000","5,648,000","4,200,000","4,000,000","4,200,000","4,400,000","3,100,000","900,000","6,100,000","6,100,000","4,400,000","3,100,000","5,400,000","4,100,000","4,400,000","4,100,000","5,600,000","4,600,000","3,800,000","3,300,000","5,000,000","3,100,000","2,400,000","2,200,000","3,700,000","2,200,000","1,400,000","1,600,000","2,600,000","1,600,000","1,200,000","1,000,000","-1,500,000","200,000","400,000","700,000","1,800,000","300,000","500,000","700,000","900,000","2,100,000","2,500,000",,,,,,,,,,,,,,,,,
NetIncomeCommonStockholders,"33,856,000","-82,777,000","38,031,000","38,799,000","39,803,000","16,535,000","38,717,000","48,938,000","40,362,000","36,592,000","30,950,000","33,721,000","52,960,000","29,494,000","24,085,000","27,371,000","26,067,000","-44,728,000","23,947,000","24,291,000","28,045,000","28,610,000","29,707,000","29,122,000","29,674,000","30,394,000","25,909,000","26,844,000","32,272,000","29,302,000","27,043,000","29,532,000","32,044,000","29,418,000","20,935,000","26,382,000","28,275,000","26,536,000","21,193,000","20,755,000","27,704,000","16,525,000","10,487,000","11,187,000","-8,030,000","11,560,000","16,194,000","22,536,000","24,437,000","23,595,000","22,967,000","24,457,000","24,640,000","21,697,000","18,568,000","21,117,000","20,165,000","19,990,000","15,294,000","16,850,000","15,983,000","16,336,000","9,980,000","13,040,000","10,895,000","10,611,000","5,133,000","4,832,000","7,684,000","4,383,000","3,860,000","3,905,000","4,241,000","2,707,000","2,918,000","4,889,000","6,499,000","6,956,000","7,362,000","7,231,000","10,649,000","8,304,000","6,200,000","5,900,000","7,800,000","6,400,000","4,400,000","1,400,000","8,800,000","9,100,000","7,700,000","4,500,000","8,900,000","6,800,000","6,000,000","5,400,000","7,500,000","6,100,000","5,000,000","4,400,000","6,200,000","4,300,000","3,400,000","3,000,000","5,100,000","2,900,000","2,400,000","2,300,000","3,300,000","2,400,000","1,800,000","1,500,000","-3,500,000","400,000","400,000","1,000,000","2,100,000","400,000","700,000","1,100,000","800,000","3,100,000","4,100,000",,,,,,,,,,,,,,,,,
	NetIncome,"33,856,000","-82,777,000","38,031,000","38,799,000","39,803,000","16,535,000","38,717,000","48,938,000","40,362,000","36,592,000","30,950,000","33,721,000","52,960,000","29,494,000","24,085,000","27,371,000","26,067,000","-44,728,000","23,947,000","24,291,000","28,045,000","28,610,000","29,707,000","29,122,000","29,674,000","30,394,000","25,909,000","26,844,000","32,272,000","29,302,000","27,043,000","29,532,000","32,044,000","29,418,000","20,935,000","26,382,000","28,275,000","26,536,000","21,193,000","20,755,000","27,704,000","16,525,000","10,487,000","11,187,000","-8,030,000","11,560,000","16,194,000","22,536,000","24,437,000","23,595,000","22,967,000","24,457,000","24,640,000","21,697,000","18,568,000","21,117,000","20,165,000","19,990,000","15,294,000","16,850,000","15,983,000","16,336,000","9,980,000","13,040,000","10,895,000","10,611,000","5,133,000","4,832,000","7,684,000","4,383,000","3,860,000","3,905,000","4,241,000","2,707,000","2,918,000","4,889,000","6,499,000","6,956,000","7,362,000","7,231,000","10,649,000","8,304,000","6,200,000","5,900,000","7,800,000","6,400,000","4,400,000","1,400,000","8,800,000","9,100,000","7,700,000","4,500,000","8,900,000","6,800,000","6,000,000","5,400,000","7,500,000","6,100,000","5,000,000","4,400,000","6,200,000","4,300,000","3,400,000","3,000,000","5,100,000","2,900,000","2,400,000","2,300,000","3,300,000","2,400,000","1,800,000","1,500,000","-3,500,000","400,000","400,000","1,000,000","2,100,000","400,000","700,000","1,100,000","800,000","3,100,000","4,100,000",,,,,,,,,,,,,,,,,
		NetIncomeIncludingNoncontrollingInterests,"33,856,000","-82,777,000","38,031,000","38,799,000","39,803,000","16,535,000","38,717,000","48,938,000","40,362,000","36,592,000","30,950,000","33,721,000","52,960,000","29,494,000","24,085,000","27,371,000","26,067,000","-44,728,000","23,947,000","24,291,000","28,045,000","28,610,000","29,707,000","29,122,000","29,674,000","30,394,000","25,909,000","26,844,000","32,272,000","29,302,000","27,043,000","29,532,000","32,044,000","29,418,000","20,935,000","26,382,000","28,275,000","26,536,000","21,193,000","20,755,000","27,704,000","16,525,000","10,487,000","11,187,000","-8,030,000","11,560,000","16,194,000","22,536,000","24,437,000","23,595,000","22,967,000","24,457,000","24,640,000","21,697,000","18,568,000","21,117,000","20,165,000","19,990,000","15,294,000","16,850,000","15,983,000","16,336,000","9,980,000","13,040,000","10,895,000","10,611,000","5,133,000","4,832,000","7,684,000","4,383,000","3,860,000","3,905,000","4,241,000","2,707,000","2,918,000","4,889,000","6,499,000","6,956,000","7,362,000","7,231,000","10,649,000","8,304,000","6,200,000","5,900,000","7,800,000","6,400,000","4,400,000","1,400,000","8,800,000","9,100,000","7,700,000","4,500,000","8,900,000","6,800,000","6,000,000","5,400,000","7,500,000","6,100,000","5,000,000","4,400,000","6,200,000","4,300,000","3,400,000","3,000,000","5,100,000","2,900,000","2,400,000","2,300,000","3,300,000","2,400,000","1,800,000","1,500,000","-3,500,000","400,000","400,000","1,000,000","2,100,000","400,000","700,000","1,100,000","800,000","3,100,000","4,100,000","4,200,000","5,800,000","4,400,000","4,300,000","3,700,000","4,800,000","3,600,000","1,600,000","5,000,000","800,000","2,000,000","1,300,000","2,000,000","1,700,000","-4,400,000","2,700,000","2,300,000"
			NetIncomeContinuousOperations,"33,856,000","-82,777,000","38,031,000","38,799,000","39,803,000","16,535,000","38,717,000","48,938,000","40,362,000","36,592,000","30,950,000","33,721,000","52,960,000","29,494,000","24,085,000","27,371,000","26,067,000","-44,728,000","23,947,000","24,291,000","28,045,000","28,610,000","29,707,000","29,122,000","29,674,000","30,394,000","25,909,000","26,844,000","32,272,000","29,302,000","27,043,000","29,532,000","32,044,000","29,418,000","20,935,000","26,382,000","28,275,000","26,536,000","21,193,000","20,755,000","27,704,000","16,525,000","10,487,000","11,187,000","-8,030,000","11,560,000","16,194,000","22,536,000","24,437,000","23,595,000","22,967,000","24,457,000","24,640,000","21,697,000","18,568,000","21,117,000","20,165,000","19,990,000","15,294,000","16,850,000","15,983,000","16,336,000","9,980,000","13,040,000","10,895,000","10,611,000","5,133,000","4,832,000","7,684,000","4,383,000","3,860,000","3,905,000","4,241,000","2,707,000","2,918,000","4,889,000","6,499,000","6,956,000","7,362,000","7,231,000","10,649,000","8,304,000","6,200,000","5,900,000","7,800,000","6,400,000","4,400,000","1,400,000","8,800,000","9,100,000","7,700,000","4,500,000","8,900,000","6,800,000","6,000,000","5,400,000","7,500,000","6,100,000","5,000,000","4,400,000","6,200,000","4,300,000","3,400,000","3,000,000","5,100,000","2,900,000","2,400,000","2,300,000","3,300,000","2,400,000","1,800,000","1,500,000","-3,500,000","400,000","400,000","1,000,000","2,100,000","400,000","700,000","1,100,000","800,000","3,100,000","4,100,000","4,200,000","5,800,000","4,400,000","4,300,000","3,700,000","4,800,000","3,600,000","1,600,000","5,000,000","800,000","2,000,000","1,300,000","2,000,000","1,700,000","-4,400,000","2,700,000","2,300,000"
			NetIncomeExtraordinary,,,,,,,,,,,,,,,,,,,,,,,,,,,,,,,,,,,,,,,,,,,,,,,,,,,,,,,,,,,,,,,,,,,,,,,,,"0",,,,,,,,,,,,,,,,,,,,,,,,,,,,,,,,,,,,,,,,,,,,,,,,,,,,,,,,,,,,,,,,,,,
DilutedNIAvailtoComStockholders,"33,856,000","-82,777,000","38,031,000","38,799,000","39,803,000","16,535,000","38,717,000","48,938,000","40,362,000","36,592,000","30,950,000","33,721,000","52,960,000","29,494,000","24,085,000","27,371,000","26,067,000","-44,728,000","23,947,000","24,291,000","28,045,000","28,610,000","29,707,000","29,122,000","29,674,000","30,394,000","25,909,000","26,844,000","32,272,000","29,302,000","27,043,000","29,532,000","32,044,000","29,418,000","20,935,000","26,382,000","28,275,000","26,536,000","21,193,000","20,755,000","27,704,000","16,525,000","10,487,000","11,187,000","-8,030,000","11,560,000","16,194,000","22,536,000","24,437,000","23,595,000","22,967,000","24,457,000","24,640,000","21,697,000","18,568,000","21,117,000","20,165,000","19,990,000","15,294,000","16,850,000","15,983,000","16,336,000","9,980,000","13,040,000","10,895,000","10,611,000","5,133,000","4,832,000","7,684,000","4,383,000","3,860,000","3,905,000","4,241,000","2,707,000","2,918,000","4,889,000","6,499,000","6,956,000","7,362,000","7,231,000","10,649,000","8,304,000","6,200,000","5,900,000","7,800,000","6,400,000","4,400,000","1,400,000","8,800,000","9,100,000","7,700,000","4,500,000","8,900,000","6,800,000","6,000,000","5,400,000","7,500,000","6,100,000","5,000,000","4,400,000","6,200,000","4,300,000","3,400,000","3,000,000","5,100,000","2,900,000","2,400,000","2,300,000","3,300,000","2,400,000","1,800,000","1,500,000","-3,500,000","400,000","400,000","1,000,000","2,100,000","400,000","700,000","1,100,000","800,000","3,100,000","4,100,000",,,,,,,,,,,,,,,,,
BasicEPS,,"-2.14","0.98","1","1.03","0.43","1","1.26","1.04","0.95","0.8","0.87","1.36","0.76","0.62","0.7","0.67","-1.14","0.61","0.61","0.7","0.7","0.72","0.7","0.71","0.73","0.62","0.64","0.77","0.7","0.64","0.7","0.76","0.7","0.5","0.62",,"0.63","0.5","0.49",,"0.39","0.25","0.26",,"0.27","0.38","0.53",,"0.55","0.53","0.57",,"0.5","0.43","0.48",,"0.453","0.347","0.373",,"0.367","0.227","0.298",,"0.244","0.12","0.111",,"0.102","0.089","0.093",,"0.062","0.067","0.111",,"0.16","0.164","0.164",,"0.182","0.133","0.055",,"0.059","0.04","0.012",,"0.083","0.071","0.044",,"0.049","0.042","0.038",,"0.044","0.037","0.022",,"0.022","0.017","0.016",,"0.015","0.012","0.012",,"0.013","0.01","0.008",,"0.003","0.002","0.006",,"0.003","0.004","0.006",,"0.017","0.023","0.022",,"0.016","0.015","0.012",,"0.008","0.004","0.011",,"0.004","0.003","0.004",,"-0.009","0.005","0.004"
DilutedEPS,,"-2.14","0.97","1","1.02","0.42","0.99","1.24","1.03","0.93","0.79","0.86","1.34","0.75","0.61","0.7","0.66","-1.14","0.61","0.61","0.7","0.7","0.72","0.7","0.71","0.72","0.61","0.63","0.76","0.69","0.64","0.7","0.75","0.69","0.49","0.61",,"0.61","0.49","0.48",,"0.39","0.24","0.26",,"0.27","0.38","0.52",,"0.55","0.52","0.56",,"0.49","0.42","0.47",,"0.433","0.333","0.36",,"0.353","0.22","0.289",,"0.24","0.116","0.111",,"0.102","0.089","0.089",,"0.062","0.067","0.111",,"0.156","0.164","0.16",,"0.178","0.133","0.055",,"0.059","0.04","0.012",,"0.081","0.069","0.044",,"0.049","0.042","0.038",,"0.044","0.037","0.022",,"0.022","0.017","0.016",,"0.015","0.012","0.012",,"0.013","0.01","0.008",,"0.003","0.002","0.006",,"0.003","0.004","0.006",,"0.017","0.023","0.022",,"0.016","0.015","0.012",,"0.008","0.004","0.005",,"0.004","0.003","0.004",,"-0.009","0.005","0.004"
BasicAverageShares,,"38,682,000","38,649,000","38,611,000","38,579,000","38,643,000","38,743,000","38,714,000","38,682,000","38,674,000","38,717,000","38,932,000","39,024,000","38,999,000","38,985,000","39,044,000","39,030,000","39,107,000","39,262,000","39,613,000","40,062,000","40,800,000","41,228,000","41,467,000","41,652,000","41,880,000","42,076,000","42,157,000","42,125,000","42,098,000","42,052,000","41,966,000","42,084,000","42,109,000","41,965,000","42,397,000",,"42,446,000","42,411,000","42,370,000",,"42,321,000","42,298,000","42,277,000",,"42,244,000","42,316,000","42,316,000",,"42,558,000","43,143,000","43,182,000",,"43,616,000","43,684,000","43,937,000",,"44,394,000","44,493,000","44,962,500",,"44,785,500","44,370,000","43,857,000",,"43,416,000","43,260,750","42,768,000",,"42,374,250","42,646,500","42,786,000",,"42,660,000","42,687,000","43,548,750",,"44,028,000","44,232,750","43,972,297",,"45,570,732","46,500,000","47,209,500",,"47,711,250","48,640,500","48,852,000",,"49,599,000","49,302,000","49,137,750",,"41,765,122","41,657,068","42,080,279",,"41,724,601","39,986,733","39,817,534",,"39,322,042","39,162,133","39,162,133",,"38,115,010","37,150,840","37,112,628",,"36,863,127","36,766,474","35,937,054",,"35,806,684","35,745,996","35,692,049",,"35,620,121","35,732,508","35,986,505",,"35,948,292","36,026,964","36,631,609",,"37,928,562","38,294,946","39,023,217",,"38,901,838","42,077,912","42,077,912",,"43,502,987","45,658,580","45,537,201",,"45,501,237","45,429,309","45,427,061"
DilutedAverageShares,,"38,682,000","39,047,000","38,961,000","38,993,000","39,039,000","39,247,000","39,364,000","39,312,000","39,286,000","39,206,000","39,336,000","39,474,000","39,462,000","39,371,000","39,382,000","39,286,000","39,107,000","39,485,000","39,842,000","40,335,000","41,067,000","41,533,000","41,829,000","42,014,000","42,242,000","42,462,000","42,637,000","42,608,000","42,570,000","42,494,000","42,477,000","42,699,000","42,779,000","42,634,000","42,961,000",,"43,339,000","43,298,000","43,086,000",,"42,902,000","42,830,000","42,787,000",,"42,662,000","42,316,000","42,982,000",,"43,259,000","43,949,000","43,673,214",,"44,414,000","44,630,000","44,845,000",,"45,897,000","46,017,000","46,602,000",,"46,311,000","46,006,500","45,252,000",,"44,226,000","44,183,250","43,679,250",,"42,952,500","43,274,250","43,400,250",,"43,341,750","43,391,250","44,271,000",,"44,730,000","44,957,250","45,193,750",,"46,710,000","46,500,000","47,209,500",,"47,711,250","48,640,500","48,852,000",,"49,599,000","49,302,000","49,137,750",,"41,765,122","41,657,068","42,080,279",,"41,724,601","39,986,733","39,817,534",,"39,322,042","39,162,133","39,162,133",,"38,115,010","37,150,840","37,112,628",,"36,863,127","36,766,474","35,937,054",,"35,806,684","35,745,996","35,692,049",,"35,620,121","35,732,508","35,986,505",,"35,948,292","36,026,964","36,631,609",,"37,928,562","38,294,946","39,023,217",,"38,901,838","42,077,912","42,077,912",,"43,502,987","45,658,580","45,537,201",,"45,501,237","45,429,309","45,427,061"
TotalOperatingIncomeAsReported,"113,936,000","-77,950,000","58,745,000","61,166,000","71,975,000","34,509,000","60,965,000","66,339,000","70,831,000","56,444,000","46,715,000","51,837,000","48,249,000","45,467,000","37,656,000","43,218,000","42,445,000","-33,032,000","38,362,000","41,026,000","47,875,000","43,772,000","46,807,000","46,165,000","44,809,000","40,173,000","39,837,000","39,539,000","48,035,000","43,477,000","40,569,000","44,318,000","49,774,000","42,019,000","33,335,000","43,267,000","44,615,000","38,201,000","33,056,000","34,891,000","46,469,000","27,037,000","18,903,000","17,641,000","-14,708,000","21,019,000","28,807,000","37,375,000","38,655,000","37,685,000","37,268,000","39,216,000","38,600,000","34,105,000","28,929,000","33,377,000","30,491,000","32,085,000","25,214,000","27,802,000","25,162,000","24,080,000","17,223,000","21,503,000","18,322,000","14,880,000","9,250,000","8,996,000","10,936,000","10,154,000","7,320,000","7,844,000","8,857,000","5,833,000","6,032,000","10,112,000","12,843,000","13,240,000","14,685,000","14,233,000","17,989,000","15,598,000","12,100,000","12,100,000","14,300,000","12,800,000","10,400,000","4,900,000","17,100,000","17,400,000","14,200,000","9,800,000","15,900,000","12,400,000","11,700,000","10,700,000","14,900,000","12,900,000","11,100,000","9,700,000","13,000,000","9,500,000","7,600,000","6,700,000","10,500,000","6,500,000","5,200,000","5,300,000","7,300,000","5,500,000","4,000,000","3,600,000","-3,500,000","2,100,000","2,500,000","3,500,000","6,000,000","3,000,000","3,900,000","4,200,000","7,200,000","6,200,000","7,800,000",,,,,,,,,,,,,,,,,
TotalExpenses,"3,158,383,000","777,747,000","774,630,000","795,238,000","810,768,000","819,340,000","779,073,000","798,176,000","826,890,000","771,221,000","620,472,000","628,864,000","633,222,000","633,837,000","570,467,000","581,630,000","591,561,000","601,410,000","571,984,000","600,878,000","629,665,000","636,222,000","644,895,000","656,160,000","609,809,000","577,833,000","542,112,000","565,766,000","592,446,000","578,177,000","548,948,000","566,201,000","570,239,000","563,442,000","537,062,000","536,307,000","545,246,000","527,769,000","496,461,000","492,610,000","476,602,000","459,104,000","427,350,000","420,102,000","403,286,000","430,628,000","473,605,000","506,531,000","491,090,000","492,471,000","473,740,000","479,331,000","489,425,000","487,024,000","443,436,000","459,213,000","473,706,000","465,113,000","430,966,000","415,403,000","428,158,000","422,390,000","386,916,000","391,623,000","386,772,000","376,173,000","350,461,000","352,150,000","361,502,000","358,049,000","348,387,000","360,175,000","360,630,000","355,709,000","341,518,000","357,878,000","394,682,000","390,248,000","390,753,000","406,643,000","387,225,000","397,596,000","360,500,000","368,600,000","376,400,000","373,800,000","361,000,000","374,300,000","367,100,000","376,500,000","354,400,000","334,900,000","290,000,000","284,800,000","263,300,000","271,500,000","280,500,000","283,200,000","260,800,000","263,800,000","267,300,000","267,500,000","242,300,000","240,900,000","237,100,000","233,200,000","213,200,000","209,500,000","210,600,000","205,300,000","194,500,000","200,600,000","212,500,000","206,000,000","196,100,000","198,500,000","197,600,000","198,200,000","199,300,000","201,800,000","157,700,000","164,900,000","150,900,000",,,,,,,,,,,,,,,,,
NetIncomeFromContinuingAndDiscontinuedOperation,"33,856,000","-82,777,000","38,031,000","38,799,000","39,803,000","16,535,000","38,717,000","48,938,000","40,362,000","36,592,000","30,950,000","33,721,000","52,960,000","29,494,000","24,085,000","27,371,000","26,067,000","-44,728,000","23,947,000","24,291,000","28,045,000","28,610,000","29,707,000","29,122,000","29,674,000","30,394,000","25,909,000","26,844,000","32,272,000","29,302,000","27,043,000","29,532,000","32,044,000","29,418,000","20,935,000","26,382,000","28,275,000","26,536,000","21,193,000","20,755,000","27,704,000","16,525,000","10,487,000","11,187,000","-8,030,000","11,560,000","16,194,000","22,536,000","24,437,000","23,595,000","22,967,000","24,457,000","24,640,000","21,697,000","18,568,000","21,117,000","20,165,000","19,990,000","15,294,000","16,850,000","15,983,000","16,336,000","9,980,000","13,040,000","10,895,000","10,611,000","5,133,000","4,832,000","7,684,000","4,383,000","3,860,000","3,905,000","4,241,000","2,707,000","2,918,000","4,889,000","6,499,000","6,956,000","7,362,000","7,231,000","10,649,000","8,304,000","6,200,000","5,900,000","7,800,000","6,400,000","4,400,000","1,400,000","8,800,000","9,100,000","7,700,000","4,500,000","8,900,000","6,800,000","6,000,000","5,400,000","7,500,000","6,100,000","5,000,000","4,400,000","6,200,000","4,300,000","3,400,000","3,000,000","5,100,000","2,900,000","2,400,000","2,300,000","3,300,000","2,400,000","1,800,000","1,500,000","-3,500,000","400,000","400,000","1,000,000","2,100,000","400,000","700,000","1,100,000","800,000","3,100,000","4,100,000",,,,,,,,,,,,,,,,,
NormalizedIncome,"111,244,000","43,013,570","37,869,300","38,588,757","39,665,880.844","36,107,480","39,627,848","48,663,320","40,167,632.919","36,688,070","30,841,042","33,266,749","52,960,000","29,560,640","23,878,389","27,371,000","26,067,000","-5,712,400","23,862,926","24,918,234","28,720,313.439","28,126,113","29,914,080","29,217,410","29,356,503.678","30,346,064","25,685,532","26,849,958","32,272,000","28,752,220","26,724,220","29,229,060","32,536,342.539","28,152,110.964","21,435,427.996","27,616,499.709","28,033,532.192","24,815,459.724","21,463,215.724","20,963,706.098","27,838,446.338","16,273,256.907","10,521,800","11,118,126.061","15,199,050","11,613,950","17,619,302.611","23,047,967.666","24,230,695.144","23,697,526.42","23,066,651.997","24,602,306.623","24,587,284.492","21,498,488.95","18,107,620.51","21,072,575.688","20,066,063.484","19,732,904.097","15,098,497.802","16,944,029.018","15,786,000.081","14,645,141.378","10,050,833.967","12,868,001.954","10,874,569.88","10,262,399.613","5,063,294.983","4,938,777.423","6,207,609.624","5,633,105.614","3,884,693.603","4,083,656.076","4,548,521.844","2,742,707.528","2,640,271.574","5,042,375.58","6,499,000","6,956,000","7,362,000","7,231,000","10,649,000","8,304,000","6,200,000","5,900,000","7,800,000","6,340,000","4,340,000","1,278,260.87","8,680,000","8,980,000","7,572,727.273","4,320,000","8,713,286.713","6,737,614.679","5,820,000","5,220,000","7,440,000","5,980,000","4,940,000","4,400,000","6,080,000","4,240,000","3,340,000","2,940,000","5,100,000","2,840,000","2,336,842.105","2,240,000","3,240,000","2,340,000","1,740,000","1,440,000","-3,570,000","333,333.333","340,000","940,000","1,980,000","280,000","580,000","977,777.778","3,080,000","2,980,000","4,037,878.788",,,,,,,,,,,,,,,,,
InterestExpense,"39,234,000","8,805,000",,"10,059,000",,,,,,,,,,,,,,,,,,,,,,,,,,,,"25,000",,,"10,000","47,000","447,000","52,000","458,000","1,124,000","1,817,000","1,374,000","1,333,000","1,214,000","2,353,000","1,183,000",,,,,,,,,,,,,,,,,,,,,,,,,,,,,,,,,,,,,,,,,,,,,,,,,,,,,,,,,,,,,,,,,,,,,,,,,,,,,,,,,,,,,,,,,,,,,,
NetInterestIncome,"-38,634,000","-8,805,000","-9,583,000","-10,059,000","-10,187,000","-9,947,000","-9,578,000","-10,476,000","-10,964,000","-8,216,000","-2,139,000","-2,166,000","-2,130,000","-2,165,000","-2,100,000","-2,146,000","-2,059,000","-2,359,000","-2,158,000","-2,187,000","-2,131,000","-2,121,000","-1,955,000","-1,662,000","-351,000","11,000","152,000","-61,000","-18,000","-107,000","-15,000","-25,000","120,000","-54,000","-10,000","-47,000","-34,000","-52,000","458,000","-1,124,000","-1,537,000","-1,374,000","-1,333,000","-1,214,000","-1,254,000","-1,183,000",,,,,,,,,,,,,,,,,,,,,,,,,,,,,,,,,,,,,,,,,,,,,,,,,,,,,,,,,,,,,,,,,,,,,,,,,,,,,,,,,,,,,,,,,,,,,,
EBIT,"116,511,000","-76,522,000","58,745,000","61,166,000","41,862,000","66,103,000","60,965,000","66,339,000","73,864,000","56,444,000","46,715,000","51,837,000","49,456,000","45,467,000","37,656,000","43,218,000","-23,168,000","31,762,000","38,362,000","41,026,000","47,248,000","43,772,000","46,807,000","46,165,000","47,613,000","40,173,000","39,837,000","39,539,000","49,922,000","43,477,000","40,569,000","44,318,000","48,662,000","42,019,000","32,557,000","41,335,000","45,412,000","40,846,000","33,056,000","35,234,000","46,532,000","27,434,000","18,845,000","17,944,000","-12,741,000","20,936,000","28,807,000","37,375,000","38,655,000","37,685,000","37,268,000","39,216,000","38,600,000","34,105,000","28,929,000","33,377,000","30,491,000","32,085,000","25,214,000","27,802,000","25,162,000","24,080,000","17,223,000","21,503,000","18,322,000","14,880,000","9,250,000","8,996,000","10,936,000","10,154,000","7,320,000","7,844,000","8,857,000","5,833,000","6,032,000","10,112,000","-4,080,000","18,591,000","14,685,000","14,233,000","17,989,000","15,598,000","12,100,000","12,100,000","14,300,000","12,800,000","10,400,000","4,900,000","17,100,000","17,400,000","14,200,000","9,800,000","15,900,000","12,400,000","11,700,000","10,700,000","14,900,000","12,900,000","11,100,000","9,700,000","13,000,000","9,500,000","7,600,000","6,700,000","10,500,000","6,500,000","5,200,000","5,300,000","7,300,000","5,500,000","4,000,000","3,600,000","-3,500,000","2,100,000","2,500,000","3,500,000","6,000,000","3,000,000","3,900,000","4,200,000","7,200,000","6,200,000","7,800,000","156,600,000","-428,700,000","165,400,000","153,300,000","143,500,000","-372,300,000","140,100,000","132,300,000","124,900,000","-346,600,000","125,000,000","118,300,000","117,200,000","-343,900,000","122,300,000","121,700,000","119,900,000"
EBITDA,"179,430,000"
ReconciledCostOfRevenue,"2,416,522,000","594,045,000","592,141,000","604,944,000","625,392,000","629,884,000","597,178,000","612,662,000","634,034,000","588,141,000","478,827,000","488,277,000","485,364,000","488,502,000","435,667,000","446,518,000","455,556,000","458,379,000","437,179,000","460,892,000","485,734,000","492,631,000","495,989,000","507,393,000","472,090,000","446,786,000","418,566,000","435,510,000","459,371,000","447,254,000","426,598,000","445,986,000","447,327,000","437,848,000","414,928,000","420,870,000","420,718,000","409,404,000","385,236,000","384,381,000","370,054,000","355,785,000","329,348,000","322,299,000","308,946,000","329,401,000","366,943,000","397,848,000","386,509,000","385,656,000","371,517,000","376,491,000","385,830,000","380,557,000","342,214,000","357,456,000","370,828,000","360,383,000","334,783,000","320,901,000","331,234,000","327,177,000","300,191,000","303,604,000","296,017,000","286,630,000","264,545,000","267,669,000","271,968,000","270,471,000","264,516,000","278,117,000","275,111,000","269,672,000","260,537,000","275,559,000","308,619,000","301,451,000","295,561,000","310,825,000","297,543,000","304,439,000","274,100,000","281,000,000","286,200,000","283,400,000","273,400,000","279,500,000","272,200,000","286,300,000","268,900,000","251,100,000","220,600,000","218,400,000","196,200,000","205,400,000","213,700,000","216,900,000","197,500,000","200,500,000","202,100,000","203,200,000","183,200,000","180,600,000","175,600,000","170,900,000","155,700,000","156,700,000","153,500,000","152,700,000","143,900,000","150,400,000","151,700,000","152,800,000","143,200,000","150,400,000","143,800,000","144,000,000","151,700,000","155,300,000","115,300,000","129,900,000","119,200,000",,,,,,,,,,,,,,,,,
ReconciledDepreciation,"62,919,000","16,482,000","15,589,000","15,597,000","15,251,000","14,937,000","16,029,000","15,902,000","15,816,000","14,513,000","9,776,000","9,758,000","9,926,000","9,933,000","9,931,000","9,887,000","10,440,000","10,771,000","10,322,000","10,013,000","10,171,000","10,814,000","10,688,000","10,702,000","8,363,000","6,515,000","6,442,000","6,680,000","6,784,000","6,707,000","6,166,000","6,077,000","5,858,000","5,701,000","5,515,000","5,627,000","5,682,000","5,760,000","5,674,000","5,500,000","5,448,000","5,351,000","5,412,000","5,405,000","5,817,000","6,166,000","5,991,000","4,417,000","4,963,000","3,002,000","3,021,000","3,058,000","3,535,000","3,601,000","3,257,000","3,350,000","2,337,000","1,871,000","4,931,000","3,198,000","3,370,000","5,057,000","4,005,000","4,039,000","3,370,000","4,391,000","4,406,000","4,085,000","3,834,000","3,748,000","3,623,000","4,000,000","4,096,000","3,944,000","4,787,000","4,721,000","5,586,000","5,351,000","5,975,000","5,597,000","5,555,000","5,733,000","5,800,000","5,900,000","6,000,000","5,800,000","5,800,000","5,100,000","5,900,000","5,100,000","4,700,000","5,300,000","2,800,000","3,600,000","3,800,000","3,400,000","4,500,000","3,600,000","3,600,000","3,700,000","3,500,000","3,600,000","3,500,000","3,400,000","3,600,000","3,300,000","3,200,000","3,500,000","3,100,000","3,400,000","3,100,000","3,200,000","2,800,000","3,200,000","3,300,000",,"2,700,000","2,800,000",,,,,,,,,,,,,,,,,,,,,,
NetIncomeFromContinuingOperationNetMinorityInterest,"33,856,000","-82,777,000","38,031,000","38,799,000","39,803,000","16,535,000","38,717,000","48,938,000","40,362,000","36,592,000","30,950,000","33,721,000","52,960,000","29,494,000","24,085,000","27,371,000","26,067,000","-44,728,000","23,947,000","24,291,000","28,045,000","28,610,000","29,707,000","29,122,000","29,674,000","30,394,000","25,909,000","26,844,000","32,272,000","29,302,000","27,043,000","29,532,000","32,044,000","29,418,000","20,935,000","26,382,000","28,275,000","26,536,000","21,193,000","20,755,000","27,704,000","16,525,000","10,487,000","11,187,000","-8,030,000","11,560,000","16,194,000","22,536,000","24,437,000","23,595,000","22,967,000","24,457,000","24,640,000","21,697,000","18,568,000","21,117,000","20,165,000","19,990,000","15,294,000","16,850,000","15,983,000","16,336,000","9,980,000","13,040,000","10,895,000","10,611,000","5,133,000","4,832,000","7,684,000","4,383,000","3,860,000","3,905,000","4,241,000","2,707,000","2,918,000","4,889,000","6,499,000","6,956,000","7,362,000","7,231,000","10,649,000","8,304,000","6,200,000","5,900,000","7,800,000","6,400,000","4,400,000","1,400,000","8,800,000","9,100,000","7,700,000","4,500,000","8,900,000","6,800,000","6,000,000","5,400,000","7,500,000","6,100,000","5,000,000","4,400,000","6,200,000","4,300,000","3,400,000","3,000,000","5,100,000","2,900,000","2,400,000","2,300,000","3,300,000","2,400,000","1,800,000","1,500,000","-3,500,000","400,000","400,000","1,000,000","2,100,000","400,000","700,000","1,100,000","800,000","3,100,000","4,100,000",,,,,,,,,,,,,,,,,
TotalUnusualItemsExcludingGoodwill,"-128,980,000","-129,681,000","210,000","277,000","214,000","-30,582,000","-1,186,000","315,000","290,000","-130,000","157,000","679,000","0","-98,000","307,000",,"0","-65,026,000","127,000","-977,000","-1,074,000","719,000","-310,000","-145,000","480,000","64,000","347,000","-9,000",,"833,000","483,000","459,000","-755,000","1,887,000","-778,000","-1,932,000","384,000","2,645,000","-421,000","-343,000","-217,000","397,000","-58,000","103,000","-35,737,000","-83,000","-2,225,000","-815,000","326,000","-162,000","-161,000","-230,000","82,000","308,000","720,000","69,000","148,000","405,000","314,000","-150,000","303,000","2,640,000","-112,000","270,000","32,000","458,000","108,000","-166,000","2,268,000","-1,966,000","-38,000","-288,000","-483,000","-58,000","450,000","-250,000",,,,,,,,,,"100,000","100,000","200,000","200,000","200,000","200,000","300,000","300,000","100,000","300,000","300,000","100,000","200,000","100,000",,"200,000","100,000","100,000","100,000","0","100,000","100,000","100,000","100,000","100,000","100,000","100,000","100,000","100,000","100,000","100,000","200,000","200,000","200,000","200,000","-3,800,000","200,000","100,000",,,,,,,,,,,,,,,,,
TotalUnusualItems,"-128,980,000","-129,681,000","210,000","277,000","214,000","-30,582,000","-1,186,000","315,000","290,000","-130,000","157,000","679,000","0","-98,000","307,000",,"0","-65,026,000","127,000","-977,000","-1,074,000","719,000","-310,000","-145,000","480,000","64,000","347,000","-9,000",,"833,000","483,000","459,000","-755,000","1,887,000","-778,000","-1,932,000","384,000","2,645,000","-421,000","-343,000","-217,000","397,000","-58,000","103,000","-35,737,000","-83,000","-2,225,000","-815,000","326,000","-162,000","-161,000","-230,000","82,000","308,000","720,000","69,000","148,000","405,000","314,000","-150,000","303,000","2,640,000","-112,000","270,000","32,000","458,000","108,000","-166,000","2,268,000","-1,966,000","-38,000","-288,000","-483,000","-58,000","450,000","-250,000",,,,,,,,,,"100,000","100,000","200,000","200,000","200,000","200,000","300,000","300,000","100,000","300,000","300,000","100,000","200,000","100,000",,"200,000","100,000","100,000","100,000","0","100,000","100,000","100,000","100,000","100,000","100,000","100,000","100,000","100,000","100,000","100,000","200,000","200,000","200,000","200,000","-3,800,000","200,000","100,000",,,,,,,,,,,,,,,,,
NormalizedEBITDA,"308,410,000","69,641,000","74,124,000","76,486,000","56,899,000","111,622,000","78,180,000","81,926,000","89,390,000","71,087,000","56,334,000","60,916,000","59,382,000","55,498,000","47,280,000","53,105,000","-12,728,000","107,559,000","48,557,000","52,016,000","58,493,000","53,867,000","57,805,000","57,012,000","55,496,000","46,624,000","45,932,000","46,228,000","56,706,000","49,351,000","46,252,000","49,936,000","55,275,000","45,833,000","38,850,000","48,894,000","50,710,000","43,961,000","39,151,000","41,077,000","52,197,000","32,388,000","24,315,000","23,246,000","28,813,000","27,185,000","37,023,000","42,607,000","43,292,000","40,849,000","40,450,000","42,504,000","42,053,000","37,398,000","31,466,000","36,658,000","32,680,000","33,551,000","29,831,000","31,150,000","28,229,000","26,497,000","21,340,000","25,272,000","21,660,000","18,813,000","13,548,000","13,247,000","12,502,000","15,868,000","10,981,000","12,132,000","13,436,000","9,835,000","10,369,000","15,083,000","1,506,000","23,942,000","20,660,000","19,830,000","23,544,000","21,331,000","18,000,000","18,000,000","20,300,000","18,500,000","16,100,000","9,800,000","22,800,000","22,300,000","18,700,000","14,800,000","18,400,000","15,900,000","15,200,000","13,800,000","19,300,000","16,300,000","14,600,000","13,400,000","16,300,000","13,000,000","11,000,000","10,000,000","14,100,000","9,700,000","8,300,000","8,700,000","10,300,000","8,800,000","7,100,000","6,700,000","-800,000","5,200,000","5,700,000","3,400,000","8,500,000","5,600,000","3,700,000","4,000,000","11,000,000","6,000,000","7,700,000","156,600,000","-428,700,000","165,400,000","153,300,000","143,500,000","-372,300,000","140,100,000","132,300,000","124,900,000","-346,600,000","125,000,000","118,300,000","117,200,000","-343,900,000","122,300,000","121,700,000","119,900,000"
TaxRateForCalcs,"0.4","0.03","0.23","0.241","0.359","0.36","0.232","0.128","0.33","0.261","0.306","0.331","0.4","0.32","0.327","0.34","0.356","0.4","0.338","0.358","0.371","0.327","0.332","0.342","0.339","0.251","0.356","0.338","0.321","0.34","0.34","0.34","0.348","0.329","0.357","0.361","0.371","0.35","0.358","0.392","0.38","0.366","0.4","0.331","0.35","0.35","0.359","0.372","0.367","0.367","0.381","0.368","0.357","0.355","0.361","0.356","0.332","0.365","0.377","0.373","0.35","0.36","0.368","0.363","0.362","0.239","0.355","0.357","0.349","0.364","0.35","0.38","0.363","0.384","0.383","0.386","0.343","0.382","0.395","0.399","0.345","0.4","0.4","0.4","0.35","0.4","0.4","0.391","0.4","0.4","0.364","0.4","0.378","0.376","0.4","0.4","0.4","0.4","0.4","0.4","0.4","0.4","0.4","0.4","0.4","0.4","0.368","0.4","0.4","0.4","0.4","0.4","0.3","0.333","0.4","0.4","0.4","0.4","0.4","0.389","0.4","0.4","0.379",,,,,,,,,,,,,,,,,
TaxEffectOfUnusualItems,"-51,592,000","-3,890,430","48,300","66,757","76,880.844","-11,009,520","-275,152","40,320","95,632.919","-33,930","48,042","224,749","0","-31,360","100,389","0","0","-26,010,400","42,926","-349,766","-398,686.561","235,113","-102,920","-49,590","162,503.678","16,064","123,532","-3,042","0","283,220","164,220","156,060","-262,657.461","621,110.964","-277,572.004","-697,500.291","142,532.192","924,459.724","-150,784.276","-134,293.902","-82,553.662","145,256.907","-23,200","34,126.061","-12,507,950","-29,050","-799,697.389","-303,032.334","119,695.144","-59,473.58","-61,348.003","-84,693.377","29,284.492","109,488.95","259,620.51","24,575.688","49,063.484","147,904.097","118,497.802","-55,970.982","106,000.081","949,141.378","-41,166.033","98,001.954","11,569.88","109,399.613","38,294.983","-59,222.577","791,609.624","-715,894.386","-13,306.397","-109,343.924","-175,478.156","-22,292.472","172,271.574","-96,624.42","0","0","0","0","0","0","0","0","0","40,000","40,000","78,260.87","80,000","80,000","72,727.273","120,000","113,286.713","37,614.679","120,000","120,000","40,000","80,000","40,000","0","80,000","40,000","40,000","40,000","0","40,000","36,842.105","40,000","40,000","40,000","40,000","40,000","30,000","33,333.333","40,000","40,000","80,000","80,000","80,000","77,777.778","-1,520,000","80,000","37,878.788",,,,,,,,,,,,,,,,,