name,ttm,03/31/2020,12/31/2019,09/30/2019,06/30/2019,03/31/2019,12/31/2018,09/30/2018,06/30/2018,03/31/2018,12/31/2017,09/30/2017,06/30/2017,03/31/2017,12/31/2016,09/30/2016,06/30/2016,03/31/2016,12/31/2015,09/30/2015,06/30/2015,03/31/2015,12/31/2014,09/30/2014,06/30/2014,03/31/2014,12/31/2013,09/30/2013,06/30/2013,03/31/2013,12/31/2012,09/30/2012,06/30/2012,03/31/2012,12/31/2011,09/30/2011,06/30/2011,03/31/2011,12/31/2010,09/30/2010,06/30/2010,03/31/2010,12/31/2009,09/30/2009,06/30/2009,03/31/2009,12/31/2008,09/30/2008,06/30/2008,03/31/2008,12/31/2007,09/30/2007,06/30/2007,03/31/2007,12/31/2006,09/30/2006,06/30/2006,03/31/2006,10/31/2005,07/31/2005,04/30/2005,01/31/2005,10/31/2004,07/31/2004,04/30/2004,01/31/2004,10/31/2003,07/31/2003,04/30/2003,01/31/2003,10/31/2002,07/31/2002,04/30/2002,01/31/2002,10/31/2001,07/31/2001,04/30/2001,01/31/2001,10/31/2000,07/31/2000,04/30/2000,01/31/2000,10/31/1999,07/31/1999,04/30/1999,01/31/1999,10/31/1998,07/31/1998,04/30/1998,01/31/1998,10/31/1997,07/31/1997,04/30/1997,01/31/1997,10/31/1996,07/31/1996,04/30/1996,01/31/1996,10/31/1995
TotalRevenue,"5,295,500,000","1,444,800,000","1,384,300,000","1,263,100,000","1,203,300,000","1,140,400,000","1,128,800,000","1,026,500,000","1,045,000,000","930,900,000","910,100,000","859,000,000","912,000,000","870,000,000","830,740,000","799,106,000","753,116,000","701,038,000","700,867,000","666,637,000","636,210,000","600,333,000","599,476,000","555,146,000","512,495,000","566,616,000","441,909,000","400,405,000","370,091,000","338,941,000","320,526,000","294,136,000","274,719,000","244,733,000","227,559,000","204,047,000","185,699,000","166,126,000","155,975,000","141,569,000","125,834,000","117,578,000","110,649,000","102,628,000","92,256,000","81,267,000","77,399,000","76,500,000","59,559,000","45,641,000","33,857,000","22,110,000","9,756,000","6,317,000","188,000","263,000","339,000","768,000","460,000","203,000","151,000","563,000","147,000","4,147,000","168,000","147,000","147,000","167,000","167,000","220,000","323,000","757,000","539,000","3,380,000","1,860,000","3,272,000","1,960,000","3,027,000","3,252,000","3,991,000","4,483,000","6,700,000","6,300,000","6,000,000","12,400,000","200,000","300,000","500,000","100,000","300,000","4,100,000","900,000","600,000","1,400,000","800,000","800,000","800,000","600,000","500,000"
	OperatingRevenue,"5,294,400,000","1,444,600,000","1,384,200,000","1,263,100,000","1,202,500,000","1,140,200,000","1,128,500,000","1,026,500,000","1,044,700,000","930,400,000","909,500,000","859,000,000","912,000,000","869,000,000","830,505,000","798,524,000","752,546,000","700,425,000","700,425,000","665,791,000","635,983,000","600,333,000","599,476,000","555,146,000","512,495,000","566,616,000","441,909,000","400,405,000","370,091,000","338,941,000","320,526,000","294,136,000","274,719,000","244,733,000","227,559,000","204,047,000","185,699,000","166,126,000","155,975,000","141,569,000","125,834,000","117,578,000","110,649,000","102,628,000","92,256,000","81,267,000","77,399,000","76,500,000","59,559,000","45,641,000","33,857,000","22,110,000","9,756,000","6,317,000","188,000","263,000","339,000","768,000","460,000","203,000","151,000","563,000","147,000","4,147,000","168,000","147,000","147,000","167,000","167,000","220,000","323,000","757,000","539,000","3,380,000","1,860,000","3,272,000","1,960,000","3,027,000","3,252,000","3,991,000","4,483,000","6,700,000","6,300,000","6,000,000","12,400,000","200,000","300,000","500,000","100,000","300,000","4,100,000","900,000","600,000","1,400,000","800,000","800,000","800,000","600,000","500,000"
CostOfRevenue,"420,400,000","111,700,000","114,300,000","95,200,000","99,200,000","85,800,000","96,800,000","90,600,000","95,300,000","91,600,000","144,200,000","157,000,000","84,000,000","69,000,000","67,292,000","71,095,000","60,627,000","58,986,000","57,626,000","54,057,000","52,007,000","69,399,000","49,439,000","51,858,000","39,626,000","32,939,000","51,552,000","51,358,000","39,377,000","35,269,000","-20,230,000","33,186,000","31,613,000","28,268,000","28,798,000","23,369,000","21,745,000","19,228,000","20,222,000","16,495,000","13,721,000","13,999,000","12,892,000","11,895,000","10,313,000","9,959,000","6,812,000","8,948,000","7,142,000","5,464,000","3,391,000","2,154,000","1,067,000","85,000",,,,,,,,,,,,,,,,,,,,,,,,,,,,,,,,,,,,,,,,,"200,000",,"200,000","200,000","200,000"
GrossProfit,"4,875,100,000","1,333,100,000","1,270,000,000","1,167,900,000","1,104,100,000","1,054,600,000","1,032,000,000","935,900,000","949,700,000","839,300,000","765,900,000","702,000,000","828,000,000","801,000,000","763,448,000","728,011,000","692,489,000","642,052,000","643,241,000","612,580,000","584,203,000","530,934,000","550,037,000","503,288,000","472,869,000","533,677,000","390,357,000","349,047,000","330,714,000","303,672,000","340,756,000","260,950,000","243,106,000","216,465,000","198,761,000","180,678,000","163,954,000","146,898,000","135,753,000","125,074,000","112,113,000","103,579,000","97,757,000","90,733,000","81,943,000","71,308,000","70,587,000","67,552,000","52,417,000","40,177,000","30,466,000","19,956,000","8,689,000","6,232,000",,,,,,,,,,,,,,,,,,,,,,,,,,,,,,,,,,,,,,,,,"1,000,000",,"1,000,000","800,000","700,000"
OperatingExpense,"2,493,800,000","594,500,000","724,500,000","607,800,000","567,000,000","557,400,000","604,300,000","513,500,000","530,800,000","513,700,000","641,900,000","546,000,000","544,000,000","561,000,000","545,036,000","507,851,000","491,168,000","488,945,000","512,587,000","414,792,000","353,076,000","408,196,000","312,886,000","258,326,000","252,031,000","320,748,000","220,709,000","211,199,000","191,856,000","183,466,000","176,138,000","144,341,000","154,594,000","132,754,000","121,069,000","114,243,000","113,930,000","96,737,000","90,724,000","82,361,000","79,788,000","73,009,000","75,102,000","62,846,000","60,993,000","55,741,000","54,064,000","46,938,000","49,732,000","45,390,000","44,214,000","41,850,000","37,983,000","41,057,000","41,074,000","33,326,000","34,883,000","29,360,000","36,758,000","34,895,000","29,798,000","24,368,000","22,342,000","23,372,000","14,361,000","17,865,000","19,502,000","21,590,000","19,402,000","21,362,000","21,869,000","21,511,000","18,338,000","16,879,000","11,270,000","12,884,000","11,125,000","12,248,000","12,650,000","9,983,000","11,634,000","11,000,000","11,800,000","10,400,000","6,400,000","5,500,000","4,500,000","4,800,000","3,700,000","3,600,000","2,900,000","3,900,000","2,700,000","2,600,000","2,800,000","2,800,000","2,400,000","2,000,000","2,000,000"
	SellingGeneralAndAdministration,"1,299,500,000","319,900,000","381,000,000","299,300,000","299,300,000","281,500,000","318,700,000","258,700,000","277,300,000","257,100,000","296,400,000","271,000,000","265,000,000","262,000,000","259,509,000","230,128,000","231,802,000","232,561,000","241,576,000","212,520,000","221,383,000","187,116,000","183,776,000","157,665,000","159,477,000","129,291,000","134,819,000","122,886,000","123,189,000","108,826,000","112,624,000","89,957,000","94,855,000","87,242,000","86,567,000","77,572,000","78,180,000","65,858,000","63,547,000","57,208,000","56,098,000","50,635,000","51,887,000","41,523,000","42,705,000","36,652,000","38,789,000","32,064,000","32,907,000","29,781,000","28,571,000","24,944,000","22,788,000","19,838,000","23,191,000","12,121,000","11,421,000","8,146,000","6,484,000","6,215,000","4,777,000","4,280,000","3,679,000","4,776,000","3,569,000","3,300,000","2,814,000","3,002,000","3,369,000","2,058,000","2,192,000","2,126,000","2,432,000","1,836,000","1,599,000","1,870,000","1,916,000","1,971,000","1,378,000","1,214,000","1,196,000","1,200,000","600,000","900,000","700,000","800,000","600,000","800,000","700,000","700,000","600,000","700,000","700,000","800,000","600,000","600,000","400,000","400,000","400,000"
	ResearchAndDevelopment,"891,000,000","200,900,000","269,600,000","232,900,000","187,600,000","195,900,000","205,600,000","174,800,000","173,400,000","176,600,000","265,400,000","195,000,000","199,000,000","219,000,000","205,712,000","195,687,000","179,311,000","176,290,000","191,035,000","165,664,000","131,693,000","221,080,000","129,110,000","100,661,000","92,554,000","191,457,000","85,785,000","88,209,000","68,563,000","74,536,000","63,409,000","54,280,000","59,635,000","45,408,000","34,398,000","36,567,000","35,646,000","30,810,000","27,177,000","25,153,000","23,690,000","22,374,000","23,215,000","21,323,000","18,288,000","19,089,000","15,275,000","14,874,000","16,825,000","15,609,000","15,643,000","16,906,000","15,195,000","21,219,000","17,344,000","21,205,000","23,462,000","21,214,000","30,274,000","27,616,000","25,021,000","20,088,000","18,663,000","17,836,000","10,792,000","14,565,000","16,688,000","18,588,000","13,473,000","19,304,000","19,677,000","19,385,000","15,906,000","15,043,000","9,671,000","10,187,000","8,362,000","9,399,000","10,923,000","8,769,000","10,438,000","9,800,000","11,100,000","9,600,000","5,700,000","4,700,000","3,800,000","4,000,000","3,000,000","2,900,000","2,400,000","3,200,000","2,000,000","1,900,000","2,000,000","2,100,000","1,700,000","1,400,000","1,400,000"
	DepreciationAmortizationDepletionIncomeStatement,"303,300,000","73,700,000","73,900,000","75,600,000","80,100,000","80,000,000","80,000,000","80,000,000","80,100,000","80,000,000","80,100,000","80,000,000","80,000,000","80,000,000","79,815,000","82,036,000","80,055,000","80,094,000","79,976,000","36,608,000",,,"0","0","0","0","105,000","104,000","104,000","104,000","105,000","104,000","104,000","104,000","104,000","104,000","104,000","69,000",,,,,,,,,,,,,,,,,,,,,,,,,,,,,,,,,,,,,,"827,000","847,000","878,000","349,000",,,,,,,,,,,,,,,,,,,"200,000","200,000"
		DepreciationAndAmortizationInIncomeStatement,"303,300,000","73,700,000","73,900,000","75,600,000","80,100,000","80,000,000","80,000,000","80,000,000","80,100,000","80,000,000","80,100,000","80,000,000","80,000,000","80,000,000","79,815,000","82,036,000","80,055,000","80,094,000","79,976,000","36,608,000",,,"0","0","0","0","105,000","104,000","104,000","104,000","105,000","104,000","104,000","104,000","104,000","104,000","104,000","69,000",,,,,,,,,,,,,,,,,,,,,,,,,,,,,,,,,,,,,,"827,000","847,000","878,000","349,000",,,,,,,,,,,,,,,,,,,"200,000","200,000"
			Amortization,"303,300,000","73,700,000","73,900,000","75,600,000","80,100,000","80,000,000","80,000,000","80,000,000","80,100,000","80,000,000","80,100,000","80,000,000","80,000,000","80,000,000","79,815,000","82,036,000","80,055,000","80,094,000","79,976,000","36,608,000",,,"0","0","0","0","105,000","104,000","104,000","104,000","105,000","104,000","104,000","104,000","104,000","104,000","104,000","69,000",,,,,,,,,,,,,,,,,,,,,,,,,,,,,,,,,,,,,,"827,000","847,000","878,000","349,000",,,,,,,,,,,,,,,,,,,,
				AmortizationOfIntangiblesIncomeStatement,"303,300,000","73,700,000","73,900,000","75,600,000","80,100,000","80,000,000","80,000,000","80,000,000","80,100,000","80,000,000","80,100,000","80,000,000","80,000,000","80,000,000","79,815,000","82,036,000","80,055,000","80,094,000","79,976,000","36,608,000",,,"0","0","0","0","105,000","104,000","104,000","104,000","105,000","104,000","104,000","104,000","104,000","104,000","104,000","69,000",,,,,,,,,,,,,,,,,,,,,,,,,,,,,,,,,,,,,,"827,000","847,000","878,000","349,000",,,,,,,,,,,,,,,,,,,,
	OtherOperatingExpenses,,,,,,,,,,,,,,,,,,,,,,,,,,,,,,,,,,,,,,,,,,,,,,,,,,,,,,,,,,,,,,,,,,,,"0","2,560,000",,,,,,,,,,,,,,"100,000",,,,"100,000",,,,"-100,000",,,"-100,000","200,000",,"300,000",,
OperatingIncome,"2,381,300,000","738,600,000","545,500,000","560,100,000","537,100,000","497,200,000","427,700,000","422,400,000","418,900,000","325,600,000","124,000,000","156,000,000","284,000,000","240,000,000","218,412,000","220,160,000","201,321,000","153,107,000","130,654,000","197,788,000","231,127,000","122,738,000","237,151,000","244,962,000","220,838,000","212,929,000","169,648,000","137,848,000","138,858,000","120,206,000","164,618,000","116,609,000","88,512,000","83,711,000","77,692,000","66,435,000","50,024,000","50,161,000","45,029,000","42,713,000","32,325,000","30,570,000","22,655,000","27,887,000","20,950,000","15,567,000","16,523,000","20,614,000","2,685,000","-5,213,000","-13,748,000","-21,894,000","-29,294,000","-34,825,000","-40,886,000","-33,063,000","-34,544,000","-28,592,000","-36,298,000","-34,692,000","-29,647,000","-23,805,000","-22,195,000","-19,225,000","-14,193,000","-17,718,000","-19,355,000","-21,423,000","-19,235,000","-21,142,000","-21,546,000","-20,754,000","-17,799,000","-13,499,000","-9,410,000","-9,612,000","-9,165,000","-9,221,000","-9,398,000","-5,992,000","-7,151,000","-4,300,000","-5,500,000","-4,400,000","6,000,000","-5,300,000","-4,200,000","-4,300,000","-3,600,000","-3,300,000","1,200,000","-3,000,000","-2,100,000","-1,200,000","-1,800,000","-2,000,000","-1,400,000","-1,200,000","-1,300,000"
NetNonOperatingInterestIncomeExpense,"-83,700,000","-25,800,000","-21,700,000","-17,900,000","-18,300,000","-19,900,000","-24,500,000","-24,600,000","-25,000,000","-24,100,000","-25,400,000","-25,000,000","-24,000,000","-24,000,000","-24,510,000","-24,807,000","-23,793,000","-23,890,000","-23,151,000","-19,971,000","-3,971,000","-651,000","-549,000","-655,000","-715,000","-1,063,000","-807,000","-1,078,000","-1,056,000","-1,171,000","-2,054,000","-1,538,000","-1,797,000","-2,014,000","37,000","319,000","569,000","198,000","1,337,000","-162,000","-158,000","-210,000","-84,000","-80,000","-109,000","-333,000",,,,,,,,,,,,,,,,,,,,,,,,,,,,,,,,,,,,,,,,,,,,,,,,,,,,,
	InterestIncomeNonOperating,,,,,,,,,,,,,,,,,,,,,,,,,,,,,,,,"317,000","282,000","273,000","220,000","523,000","772,000","396,000",,,,,,,,,,,,,,,,,,,,,,,,,,,,,,,,,,,,,,,,,,,,,,,,,,,,,,,,,,,,,
	InterestExpenseNonOperating,"83,700,000","25,800,000","21,700,000","17,900,000","18,300,000","19,900,000","24,500,000","24,600,000","25,000,000","24,100,000","25,400,000","25,000,000","24,000,000","24,000,000","24,510,000","24,807,000","23,793,000","23,890,000","23,151,000","19,971,000","3,971,000","651,000","549,000","655,000","715,000","1,063,000","807,000","1,078,000","1,056,000","1,171,000","1,182,000","1,855,000","2,079,000","2,287,000","183,000","204,000","203,000","198,000","174,000","162,000","158,000","210,000","84,000","80,000","109,000","333,000",,,,,,,,,,,,,,,,,,,,,,,,,,,,,,,,,,,,,,,,,,,,,,,,,,,,,
	TotalOtherFinanceCost,,,,,,,,,,,,,,,,,,,,,,,,,,,,,,,,"1,954,000","1,983,000",,,,,,,,,,,,,,,,,,,,,,,,,,,,,,,,,,,,,,,,,,,,,,,,,,,,,,,,,,,,,,,,,,
OtherIncomeExpense,"3,000,000","-49,200,000","78,200,000","-6,700,000","-19,300,000","64,500,000","-436,100,000","-55,700,000","-812,500,000","50,100,000","-8,800,000","-73,000,000","-54,000,000","-22,000,000","-89,579,000","-37,239,000","-7,563,000","14,381,000","-32,957,000","-38,458,000","-49,864,000","-15,142,000","-31,261,000","-8,098,000","-1,477,000","45,000","-30,864,000","-2,482,000","-539,000","-2,294,000","-55,295,000","25,694,000","-4,993,000","-13,888,000","-3,651,000","-1,077,000","-1,506,000","-9,533,000","-2,119,000","56,000","-84,000","-287,000","23,000","-125,000","-2,947,000","-90,000","657,000","124,000","-335,000","1,470,000","1,564,000","2,374,000","2,531,000","2,742,000","-567,000","-13,000",,"1,963,000","1,832,000","1,319,000","-1,455,000","1,168,000","4,853,000","-3,475,000","720,000","994,000","1,001,000","-4,735,000","-1,369,000","1,662,000","1,882,000",,,,,"0",,,"-21,000,000",,"-92,000","700,000","300,000","300,000","300,000","400,000","500,000","600,000","600,000","500,000","400,000","200,000","200,000","200,000","200,000","200,000","100,000",,
	GainOnSaleOfSecurity,"52,600,000","-5,200,000","49,700,000","23,000,000","-14,900,000","42,500,000","-54,100,000","5,900,000","7,700,000","105,800,000","5,500,000","5,000,000","4,000,000","4,000,000","1,691,000","3,615,000","-948,000","1,642,000","383,000","4,762,000","181,000","3,889,000","2,195,000","205,000","512,000","3,471,000","712,000","91,000","628,000","940,000","1,447,000","-416,000","-186,000","-215,000","-1,329,000","-841,000","-506,000","395,000",,,,,,,,,,,,,,,,,,,,,,,,,,,,,,,,,,,,,,,,,,,,,,,,,,,,,,,,,,,,,
	EarningsFromEquityInterest,,,,,,,,,,,,,,,,,,,,,,,,,,,,,,,,,,,,,,,,,,,,,"184,000","303,000",,,,,,,,,,,,,,,,,,,,,,,,,,,,,,,,,,,,,,,,,,,,,,,,,,,,,
	SpecialIncomeCharges,"-82,200,000","-43,100,000","-4,500,000","-30,100,000","-4,500,000","19,600,000","-384,000,000","-63,800,000","-819,000,000","-58,200,000","-14,600,000","-76,000,000","-58,000,000","-28,000,000","-91,270,000","-40,854,000","-6,615,000","12,739,000","-33,340,000","-43,220,000","-50,045,000","-19,031,000","-33,456,000","-8,303,000","-1,989,000","-3,426,000","-31,576,000","-2,573,000","-1,167,000","-3,234,000","-56,742,000","26,110,000","-4,807,000","-13,673,000","-2,322,000","-236,000","-1,000,000","-9,928,000","315,000","56,000","-84,000","-287,000","23,000","-125,000","-3,131,000","-393,000","-2,153,000","124,000","-335,000","1,470,000","1,564,000","2,374,000","2,531,000","2,742,000","-567,000","-13,000",,"1,963,000","1,832,000","1,319,000","-1,455,000","1,168,000","4,853,000","-3,475,000","720,000","994,000","1,001,000","-4,735,000","-1,369,000","1,662,000","1,882,000",,,,,"0",,,"-21,000,000",,"-92,000","700,000","300,000","300,000","300,000","400,000","500,000","600,000","600,000","500,000","400,000","200,000","200,000","200,000","200,000","200,000","100,000",,
		RestructuringAndMergernAcquisition,"86,300,000","43,100,000","4,500,000","30,100,000","8,600,000","-19,600,000","-799,000,000","63,800,000","819,000,000","58,200,000","14,600,000","76,000,000","27,000,000","28,000,000","6,270,000","40,854,000","6,615,000","-12,739,000","33,340,000","43,220,000","50,045,000","19,031,000","25,406,000","8,303,000","1,989,000","-38,000","-1,945,000","2,573,000","1,167,000","3,234,000","3,365,000","967,000","4,807,000","13,673,000","2,322,000","236,000","1,000,000","9,928,000",,,,,,,,,,,,,,,,,,,,,,,,,,,,,,,,,,,,,,,,,,,,,,,,,,,,,,,,,,,,,
		ImpairmentOfCapitalAssets,,,,,,,"0","0",,,"0","0","31,000,000",,"85,000,000",,,,"0","0","0","0","8,050,000","0","0","3,464,000","33,521,000","0",,,"0","26,300,000",,,,,,,,,,,,,,,,,,,,,,,,,,,,,,,,,,,,,,,,,,,,,,,,,,,,,,,,,,,,,,,,,,,
		OtherSpecialCharges,,,"0",,"-4,100,000",,,,,,,,,,,,,,,,,,,,,,,,,,,"-53,377,000",,"2,229,000",,,"-63,000","-593,000",,,,,,,,,,,,,,,,,,,,,,,,,,,,,,,,,,,,,,,,,,,,,,,,,,,,,,,,,,,,,
	OtherNonOperatingIncomeExpenses,"32,600,000","-900,000","33,000,000","400,000","100,000","2,400,000","2,000,000","2,200,000","-1,200,000","2,500,000","200,000","-2,000,000",,"2,000,000",,,,,,,"-3,790,000","3,238,000","1,646,000","-450,000","-203,000","2,408,000","-95,000","-987,000",,,,,,,,,,,,,,,,,,,,,,,,,,,,,,,,,,,,,,,,,,,,,,,,,,,,,,,,,,,,,,,,,,,,,,,
PretaxIncome,"2,300,600,000","663,600,000","602,000,000","535,500,000","499,500,000","541,800,000","-32,900,000","342,100,000","-418,600,000","351,600,000","89,800,000","58,000,000","206,000,000","194,000,000","104,323,000","158,114,000","169,965,000","143,598,000","74,546,000","139,359,000","177,292,000","106,945,000","205,341,000","236,209,000","218,646,000","211,911,000","137,977,000","134,288,000","137,263,000","116,741,000","107,269,000","140,765,000","81,722,000","67,809,000","74,078,000","65,677,000","49,087,000","40,826,000","44,247,000","42,607,000","32,083,000","30,073,000","22,594,000","27,682,000","17,894,000","15,144,000","16,748,000","20,104,000","2,218,000","-4,339,000","-12,819,000","-20,163,000","-27,274,000","-32,783,000","-39,353,000","-31,962,000","-33,255,000","-27,317,000","-35,199,000","-33,005,000","-32,702,000","-24,558,000","-19,250,000","-20,495,000","-15,399,000","-18,591,000","-20,283,000","-22,260,000","-19,974,000","-21,406,000","-21,591,000","-20,838,000","-17,105,000","-11,510,000",,,,,,,,,,,,,,,,,,,,,,,,,
TaxProvision,"-73,400,000","106,000,000","-287,000,000","67,900,000","39,700,000","-46,100,000","12,100,000","11,200,000","38,800,000","102,500,000","59,500,000","-20,000,000","41,000,000","24,000,000","11,887,000","63,776,000","55,022,000","51,432,000","7,942,000","323,116,000","7,077,000","15,622,000","52,009,000","58,478,000","52,151,000","52,557,000","156,969,000","40,503,000","41,378,000","34,524,000","26,298,000","48,586,000","45,464,000","22,396,000","25,908,000","107,000","14,342,000","13,996,000","17,797,000","14,734,000","10,310,000","9,139,000","-214,533,000","951,000","1,092,000","638,000","1,412,000","415,000","-156,000","-90,000","-487,000","-78,000","-90,000","-90,000","-103,000","-90,000","-90,000","-90,000","-125,000","-363,000","-252,000","-88,000","-62,000","-372,000","-186,000","-62,000","-71,000","-676,000","-196,000","59,000","49,000","0",,"-700,000",,,,,,,,,,,,,,,,,,,,,,,,,
NetIncomeCommonStockholders,"2,374,000,000","557,600,000","889,000,000","467,600,000","459,800,000","587,900,000","-45,000,000","330,900,000","-457,400,000","249,100,000","30,300,000","78,000,000","165,000,000","170,000,000","92,436,000","94,338,000","114,943,000","92,166,000","66,604,000","-183,757,000","170,215,000","91,323,000","153,332,000","177,731,000","166,495,000","159,354,000","-18,992,000","93,785,000","95,885,000","82,217,000","80,971,000","92,179,000","36,258,000","45,413,000","48,170,000","65,570,000","34,745,000","26,830,000","26,450,000","27,873,000","21,773,000","20,934,000","237,127,000","26,731,000","16,802,000","14,506,000","15,336,000","19,689,000","2,374,000","-4,249,000","-12,332,000","-20,085,000","-27,184,000","-32,693,000","-39,250,000","-31,872,000","-33,165,000","-27,227,000","-35,074,000","-32,642,000","-32,450,000","-24,470,000","-19,188,000","-20,123,000","-15,213,000","-18,547,000","-20,212,000","-21,584,000","-19,778,000","-21,465,000","-21,640,000","-20,838,000","-17,105,000","-10,810,000","-7,789,000","-7,536,000","-6,462,000","-4,633,000","-29,588,000","-5,092,000","-6,319,000","-3,600,000","-5,200,000","-4,200,000","6,300,000","-4,900,000","-3,700,000","-3,700,000","-3,200,000","-3,300,000","1,600,000","-2,800,000","-1,900,000","-1,000,000","-1,600,000","-1,800,000","-1,200,000","-1,100,000","-1,300,000"
	NetIncome,"2,374,000,000","557,600,000","889,000,000","467,600,000","459,800,000","587,900,000","-45,000,000","330,900,000","-457,400,000","249,100,000","30,300,000","78,000,000","165,000,000","170,000,000","92,436,000","94,338,000","114,943,000","92,166,000","66,604,000","-183,757,000","170,215,000","91,323,000","153,332,000","177,731,000","166,495,000","159,354,000","-18,992,000","93,785,000","95,885,000","82,217,000","80,971,000","92,179,000","36,258,000","45,413,000","48,170,000","65,570,000","34,745,000","26,830,000","26,450,000","27,873,000","21,773,000","20,934,000","237,127,000","26,731,000","16,802,000","14,506,000","15,336,000","19,689,000","2,374,000","-4,249,000","-12,332,000","-20,085,000","-27,184,000","-32,693,000","-39,250,000","-31,872,000","-33,165,000","-27,227,000","-35,074,000","-32,642,000","-32,450,000","-24,470,000","-19,188,000","-20,123,000","-15,213,000","-18,547,000","-20,212,000","-21,584,000","-19,778,000","-21,465,000","-21,640,000","-20,838,000","-17,105,000","-10,810,000","-7,789,000","-7,536,000","-6,462,000","-4,633,000","-29,588,000","-5,092,000","-6,319,000","-3,600,000","-5,200,000","-4,200,000","6,300,000","-4,900,000","-3,700,000","-3,700,000","-3,000,000","-2,800,000","1,600,000","-2,800,000","-1,900,000","-1,000,000","-1,600,000","-1,800,000","-1,200,000","-1,100,000","-1,300,000"
		NetIncomeIncludingNoncontrollingInterests,"2,374,000,000","557,600,000","889,000,000","467,600,000","459,800,000","587,900,000","-45,000,000","330,900,000","-457,400,000","249,100,000","30,300,000","78,000,000","165,000,000","170,000,000","92,436,000","94,338,000","114,943,000","92,166,000","66,604,000","-183,757,000","170,215,000","91,323,000","153,332,000","177,731,000","166,495,000","159,354,000","-18,992,000","93,785,000","95,885,000","82,217,000","80,971,000","92,179,000","36,258,000","45,413,000","48,170,000","65,570,000","34,745,000","26,830,000","26,450,000","27,873,000","21,773,000","20,934,000","237,127,000","26,731,000","16,802,000","14,506,000","15,336,000","19,689,000","2,374,000","-4,249,000","-12,332,000","-20,085,000","-27,184,000","-32,693,000","-39,250,000","-31,872,000","-33,165,000","-27,227,000","-35,074,000","-32,642,000","-32,450,000","-24,470,000","-19,188,000","-20,123,000","-15,213,000","-18,547,000","-20,212,000","-21,584,000","-19,778,000","-21,465,000","-21,640,000","-20,838,000","-17,105,000","-10,810,000","-7,789,000","-7,536,000","-6,462,000","-4,633,000","-29,588,000","-5,092,000","-6,319,000","-3,600,000","-5,200,000","-4,200,000","6,300,000","-4,900,000","-3,700,000","-3,700,000","-3,000,000","-2,800,000","1,600,000","-2,800,000","-1,900,000","-1,000,000","-1,600,000","-1,800,000","-1,200,000","-1,100,000","-1,300,000"
			NetIncomeContinuousOperations,"2,374,000,000","557,600,000","889,000,000","467,600,000","459,800,000","587,900,000","-45,000,000","330,900,000","-457,400,000","249,100,000","30,300,000","78,000,000","165,000,000","170,000,000","92,436,000","94,338,000","114,943,000","92,166,000","66,604,000","-183,757,000","170,215,000","91,323,000","153,332,000","177,731,000","166,495,000","159,354,000","-18,992,000","93,785,000","95,885,000","82,217,000","80,971,000","92,179,000","36,258,000","45,413,000","48,170,000","65,570,000","34,745,000","26,830,000","26,450,000","27,873,000","21,773,000","20,934,000","237,127,000","26,731,000","16,802,000","14,506,000","15,336,000","19,689,000","2,374,000","-4,249,000","-12,332,000","-20,085,000","-27,184,000","-32,693,000","-39,250,000","-31,872,000","-33,165,000","-27,227,000","-35,074,000","-32,642,000","-32,450,000","-24,470,000","-19,188,000","-20,123,000","-15,213,000","-18,529,000","-20,212,000","-21,584,000","-19,778,000","-21,465,000","-21,640,000","-20,838,000","-17,105,000","-10,810,000","-7,789,000","-7,536,000","-6,462,000","-4,633,000","-29,588,000","-5,092,000","-6,319,000","-3,600,000","-5,200,000","-4,200,000","6,300,000","-4,900,000","-3,700,000","-3,700,000","-3,000,000","-2,800,000","1,600,000","-2,800,000","-1,900,000","-1,000,000","-1,600,000","-1,800,000","-1,200,000","-1,100,000","-1,300,000"
			NetIncomeDiscontinuousOperations,,,,,,,,,,,,,,,,,,,,,,,,,,,,,,,,,,,,,,,,,,,,,,,,,,,,,,,,,,,,,,,,,,"-18,000",,,,,,,,,,,,,,,,,,,,,,,,,,,,,,,,,
			NetIncomeExtraordinary,,,,,,,,,,,,,,,,,,,,,,,,,,,,,,,,,,,,,,,,,,,,,,,,,,,,,,,,,,,,,,,,,,,,,,,,,,,,"0",,,,,,,,,,,,,,,,,,,,,,,
	PreferredStockDividends,,,,,,,,,,,,,,,,,,,,,,,,,,,,,,,,,,,,,,,,,,,,,,,,,,,,,,,,,,,,,,,,,,,,,,,,,,,,,,,,,,,,,,,,"0","200,000","500,000",,,,,,,,,
DilutedNIAvailtoComStockholders,"2,374,000,000","557,600,000","889,000,000","467,600,000","459,800,000","587,900,000","-45,000,000","330,900,000","-457,400,000","249,100,000","30,300,000","78,000,000","165,000,000","170,000,000","92,436,000","94,338,000","114,943,000","92,166,000","66,604,000","-183,757,000","170,215,000","91,323,000","153,332,000","177,731,000","166,495,000","159,354,000","-18,992,000","93,785,000","95,885,000","82,217,000","80,971,000","92,179,000","36,258,000","45,413,000","48,170,000","65,570,000","34,745,000","26,830,000","26,450,000","27,873,000","21,773,000","20,934,000","237,127,000","26,731,000","16,802,000","14,506,000","15,336,000","19,689,000","2,374,000","-4,249,000","-12,332,000","-20,085,000","-27,184,000","-32,693,000","-39,250,000","-31,872,000","-33,165,000","-27,227,000","-35,074,000","-32,642,000","-32,450,000","-24,470,000","-19,188,000","-20,123,000","-15,213,000","-18,547,000","-20,212,000","-21,584,000","-19,778,000","-21,465,000","-21,640,000","-20,838,000","-17,105,000","-10,810,000","-7,789,000","-7,536,000","-6,462,000","-4,633,000","-29,588,000","-5,092,000","-6,319,000","-3,600,000","-5,200,000","-4,200,000","6,300,000","-4,900,000","-3,700,000","-3,700,000","-3,200,000","-3,300,000","1,600,000","-2,800,000","-1,900,000","-1,000,000","-1,600,000","-1,800,000","-1,200,000","-1,100,000","-1,300,000"
BasicEPS,,"2.52","4.02","2.09","2.05","2.63","-0.2","1.48","-2.05","1.12","0.13","0.35","0.74","0.76","0.41","0.42","0.51","0.41","0.3","-0.81","0.84","0.46","0.77","0.9","0.84","0.81","-0.1","0.48","0.49","0.42","0.42","0.48","0.19","0.24",,"0.36","0.19","0.15",,"0.155","0.12","0.12",,"0.155","0.1","0.09",,"0.13","0.015","-0.028",,"-0.138","-0.188","-0.23",,"-0.255","-0.265","-0.22","-0.29",,"-0.29","-0.22","-0.175",,"-0.173","-0.213","-0.253",,"-0.273","-0.295","-0.298",,"-0.235","-0.15","-0.108",,"-0.09","-0.065","-0.483",,"-0.105","-0.065","-0.115",,"0.14","-0.108","-0.083",,"-0.075","-0.085","0.033",,"-0.065","-0.035","-0.055",,"-0.045","-0.063","-0.073"
DilutedEPS,,"2.5","4","2.08","2.04","2.61","-0.2","1.47","-2.05","1.11","0.13","0.35","0.73","0.75","0.41","0.42","0.51","0.41","0.29","-0.81","0.83","0.45","0.76","0.88","0.83","0.79","-0.1","0.47","0.48","0.41","0.4","0.46","0.18","0.23",,"0.34","0.18","0.14",,"0.15","0.12","0.115",,"0.145","0.095","0.08",,"0.115","0.015","-0.028",,"-0.138","-0.188","-0.23",,"-0.255","-0.265","-0.22","-0.29",,"-0.29","-0.22","-0.175",,"-0.173","-0.213","-0.253",,"-0.273","-0.295","-0.298",,"-0.235","-0.15","-0.108",,"-0.09","-0.065","-0.483",,"-0.105","-0.065","-0.115",,"0.133","-0.108","-0.083",,"-0.075","-0.085","0.033",,"-0.065","-0.035","-0.055",,"-0.045","-0.063","-0.073"
BasicAverageShares,,"221,600,000","221,300,000","223,300,000","224,200,000","223,800,000","223,200,000","222,900,000","222,600,000","222,100,000","223,300,000","223,000,000","224,000,000","224,000,000","225,000,000","224,180,000","224,089,000","225,060,000","225,472,000","226,228,000","202,234,000","199,361,000","198,676,000","198,052,000","197,880,000","197,797,000","196,430,000","195,662,000","195,247,000","194,771,000","194,141,000","193,353,000","188,575,000","185,682,000",,"183,706,000","182,962,000","181,724,000",,"178,980,000","178,004,000","177,012,000",,"174,894,000","170,256,000","163,396,000",,"153,316,000","151,368,000","150,056,000",,"146,656,000","144,124,000","141,444,000",,"125,056,000","124,812,000","123,964,000","121,420,000",,"111,752,000","111,352,000","110,428,000",,"87,876,000","87,572,000","79,832,000",,"72,840,000","72,828,000","72,816,000",,"72,640,000","72,476,000","72,440,000",,"72,308,000","71,996,000","61,292,000",,"60,080,000","56,956,000","45,200,000",,"45,132,000","44,908,000","44,904,000",,"42,560,000","37,708,000","39,444,000",,"29,468,000","29,368,000","29,312,000",,"26,608,000","17,600,000","17,931,034"
DilutedAverageShares,,"222,600,000","222,500,000","224,500,000","225,600,000","225,500,000","223,200,000","224,600,000","222,600,000","223,700,000","225,000,000","225,000,000","225,000,000","226,000,000","226,000,000","226,088,000","225,756,000","226,873,000","227,967,000","226,228,000","204,546,000","202,034,000","201,732,000","201,313,000","201,524,000","201,804,000","196,430,000","199,711,000","199,299,000","199,057,000","201,061,000","201,142,000","197,051,000","194,560,000",,"192,161,000","191,187,000","190,366,000",,"186,042,000","185,150,000","184,180,000",,"181,892,000","180,318,000","181,290,000",,"179,686,000","157,980,000","150,056,000",,"146,656,000","144,124,000","141,444,000",,"125,056,000","124,812,000","123,964,000","121,420,000",,"111,752,000","111,352,000","110,428,000",,"87,876,000","87,572,000","79,832,000",,"72,840,000","72,828,000","72,816,000",,"72,640,000","72,476,000","72,440,000",,"72,308,000","71,996,000","61,292,000",,"60,080,000","56,956,000","45,200,000",,"45,132,000","44,908,000","44,904,000",,"42,560,000","37,708,000","39,444,000",,"29,468,000","29,368,000","29,312,000",,"26,608,000","17,600,000","17,931,034"
TotalOperatingIncomeAsReported,"2,299,100,000","695,500,000","541,000,000","530,000,000","532,600,000","516,800,000","43,700,000","358,600,000","-400,100,000","267,400,000","109,400,000","80,000,000","226,000,000","212,000,000","127,142,000","179,306,000","194,706,000","165,846,000","97,314,000","154,568,000","181,082,000","103,707,000","203,695,000","236,659,000","218,849,000","209,503,000","138,072,000","135,275,000","137,691,000","116,972,000","107,876,000","142,719,000","83,705,000","70,038,000","75,370,000","66,199,000","49,024,000","40,233,000","45,029,000","42,713,000","32,325,000","30,570,000","22,655,000","27,887,000","20,950,000","15,567,000","16,523,000","20,614,000","2,685,000","-5,213,000","-13,748,000","-21,894,000","-29,294,000","-34,825,000","-40,886,000","-33,063,000","-34,544,000","-28,592,000","-36,298,000","-34,692,000","-29,647,000","-23,805,000","-22,195,000","-19,225,000","-14,193,000","-17,718,000","-19,355,000","-21,423,000","-19,235,000","-21,142,000","-21,546,000","-20,754,000","-17,799,000","-13,499,000","-9,410,000","-9,612,000","-9,165,000","-9,221,000","-30,398,000","-5,992,000","-7,151,000","-4,300,000","-5,500,000","-4,400,000","6,000,000","-5,300,000","-4,200,000","-4,300,000","-3,600,000","-3,300,000","1,200,000","-3,000,000","-2,100,000","-1,200,000","-1,800,000","-2,000,000","-1,400,000","-1,200,000","-1,300,000"
TotalExpenses,"2,914,200,000","706,200,000","838,800,000","703,000,000","666,200,000","643,200,000","701,100,000","604,100,000","626,100,000","605,300,000","786,100,000","703,000,000","628,000,000","630,000,000","612,328,000","578,946,000","551,795,000","547,931,000","570,213,000","468,849,000","405,083,000","477,595,000","362,325,000","310,184,000","291,657,000","353,687,000","272,261,000","262,557,000","231,233,000","218,735,000","155,908,000","177,527,000","186,207,000","161,022,000","149,867,000","137,612,000","135,675,000","115,965,000","110,946,000","98,856,000","93,509,000","87,008,000","87,994,000","74,741,000","71,306,000","65,700,000","60,876,000","55,886,000","56,874,000","50,854,000","47,605,000","44,004,000","39,050,000","41,142,000","41,074,000","33,326,000","34,883,000","29,360,000","36,758,000","34,895,000","29,798,000","24,368,000","22,342,000","23,372,000","14,361,000","17,865,000","19,502,000","21,590,000","19,402,000","21,362,000","21,869,000","21,511,000","18,338,000","16,879,000","11,270,000","12,884,000","11,125,000","12,248,000","12,650,000","9,983,000","11,634,000","11,000,000","11,800,000","10,400,000","6,400,000","5,500,000","4,500,000","4,800,000","3,700,000","3,600,000","2,900,000","3,900,000","2,700,000","2,600,000","2,600,000","2,800,000","2,200,000","1,800,000","1,800,000"
NetIncomeFromContinuingAndDiscontinuedOperation,"2,374,000,000","557,600,000","889,000,000","467,600,000","459,800,000","587,900,000","-45,000,000","330,900,000","-457,400,000","249,100,000","30,300,000","78,000,000","165,000,000","170,000,000","92,436,000","94,338,000","114,943,000","92,166,000","66,604,000","-183,757,000","170,215,000","91,323,000","153,332,000","177,731,000","166,495,000","159,354,000","-18,992,000","93,785,000","95,885,000","82,217,000","80,971,000","92,179,000","36,258,000","45,413,000","48,170,000","65,570,000","34,745,000","26,830,000","26,450,000","27,873,000","21,773,000","20,934,000","237,127,000","26,731,000","16,802,000","14,506,000","15,336,000","19,689,000","2,374,000","-4,249,000","-12,332,000","-20,085,000","-27,184,000","-32,693,000","-39,250,000","-31,872,000","-33,165,000","-27,227,000","-35,074,000","-32,642,000","-32,450,000","-24,470,000","-19,188,000","-20,123,000","-15,213,000","-18,547,000","-20,212,000","-21,584,000","-19,778,000","-21,465,000","-21,640,000","-20,838,000","-17,105,000","-10,810,000","-7,789,000","-7,536,000","-6,462,000","-4,633,000","-29,588,000","-5,092,000","-6,319,000","-3,600,000","-5,200,000","-4,200,000","6,300,000","-4,900,000","-3,700,000","-3,700,000","-3,000,000","-2,800,000","1,600,000","-2,800,000","-1,900,000","-1,000,000","-1,600,000","-1,800,000","-1,200,000","-1,100,000","-1,300,000"
NormalizedIncome,"2,395,608,000","598,172,000","856,004,000","473,798,300","477,667,400","542,567,000","274,813,000","386,889,300","134,849,000","215,399,200","35,760,000","120,600,000","208,254,000","191,024,000","171,807,993.175","116,681,400","120,055,588","82,933,398","96,049,819.065","-160,682,200","218,084,440","104,254,268","176,675,178.674","183,820,696","167,618,997","159,320,160","1,069,600","95,517,436","96,261,761","83,831,976","122,709,912.873","75,353,459.376","39,503,450","54,714,062.455","50,544,101.218","66,645,245.367","35,810,984.273","33,094,889.776","26,261,000","27,836,365.456","21,830,006.265","21,133,782.463","237,112,050","26,851,705.693","19,741,927.462","14,882,443.344","17,307,483.64","19,567,559.69","2,591,750","-5,688,509.103","-13,836,582.885","-22,449,816.248","-29,706,648.09","-35,427,472.318","-38,684,484.029","-31,859,036.606","-33,165,000","-29,183,532.599","-36,899,494.133","-33,946,493.198","-31,006,212.158","-25,633,814.643","-24,025,369.558","-16,711,073.92","-15,924,303.331","-19,519,685.063","-21,209,496.031","-16,992,794.25","-18,422,433.664","-22,462,200","-22,769,200","-20,838,000","-17,105,000","-10,810,000","-7,789,000","-7,536,000","-6,462,000","-4,633,000","-16,988,000","-5,092,000","-6,263,800","-4,020,000","-5,380,000","-4,380,000","6,120,000","-5,140,000","-4,000,000","-4,060,000","-3,360,000","-3,100,000","1,360,000","-2,920,000","-2,020,000","-1,120,000","-1,720,000","-1,920,000","-1,260,000","-1,100,000","-1,300,000"
InterestIncome,,,,,,,,,,,,,,,,,,,,,,,,,,,,,,,,"317,000","282,000","273,000","220,000","523,000","772,000","396,000",,,,,,,,,,,,,,,,,,,,,,,,,,,,,,,,,,,,,,,,,,,,,,,,,,,,,,,,,,,,,
InterestExpense,"83,700,000","25,800,000","21,700,000","17,900,000","18,300,000","19,900,000","24,500,000","24,600,000","25,000,000","24,100,000","25,400,000","25,000,000","24,000,000","24,000,000","24,510,000","24,807,000","23,793,000","23,890,000","23,151,000","19,971,000","3,971,000","651,000","549,000","655,000","715,000","1,063,000","807,000","1,078,000","1,056,000","1,171,000","1,182,000","1,855,000","2,079,000","2,287,000","183,000","204,000","203,000","198,000","174,000","162,000","158,000","210,000","84,000","80,000","109,000","333,000",,,,,,,,,,,,,,,,,,,,,,,,,,,,,,,,,,,,,,,,,,,,,,,,,,,,,
NetInterestIncome,"-83,700,000","-25,800,000","-21,700,000","-17,900,000","-18,300,000","-19,900,000","-24,500,000","-24,600,000","-25,000,000","-24,100,000","-25,400,000","-25,000,000","-24,000,000","-24,000,000","-24,510,000","-24,807,000","-23,793,000","-23,890,000","-23,151,000","-19,971,000","-3,971,000","-651,000","-549,000","-655,000","-715,000","-1,063,000","-807,000","-1,078,000","-1,056,000","-1,171,000","-2,054,000","-1,538,000","-1,797,000","-2,014,000","37,000","319,000","569,000","198,000","1,337,000","-162,000","-158,000","-210,000","-84,000","-80,000","-109,000","-333,000",,,,,,,,,,,,,,,,,,,,,,,,,,,,,,,,,,,,,,,,,,,,,,,,,,,,,
EBIT,"2,384,300,000","689,400,000","623,700,000","553,400,000","517,800,000","561,700,000","-8,400,000","366,700,000","-393,600,000","375,700,000","115,200,000","83,000,000","230,000,000","218,000,000","128,833,000","182,921,000","193,758,000","167,488,000","97,697,000","159,330,000","181,263,000","107,596,000","205,890,000","236,864,000","219,361,000","212,974,000","138,784,000","135,366,000","138,319,000","117,912,000","108,451,000","142,620,000","83,801,000","70,096,000","74,261,000","65,881,000","49,290,000","41,024,000","44,421,000","42,769,000","32,241,000","30,283,000","22,678,000","27,762,000","18,003,000","15,477,000","19,051,000","20,614,000","2,685,000","-5,213,000","-13,748,000","-21,894,000","-29,294,000","-34,825,000","-40,886,000","-33,063,000","-34,544,000","-28,592,000","-36,298,000","-34,692,000","-29,647,000","-23,805,000","-22,195,000","-19,225,000","-14,193,000","-17,718,000","-19,355,000","-21,423,000","-19,235,000","-21,142,000","-21,546,000","-20,754,000","-17,799,000","-13,499,000","-9,410,000","-9,612,000","-9,165,000","-9,221,000","-9,398,000","-5,992,000","-7,151,000","-4,300,000","-5,500,000","-4,400,000","6,000,000","-5,300,000","-4,200,000","-4,300,000","-3,600,000","-3,300,000","1,200,000","-3,000,000","-2,100,000","-1,200,000","-1,800,000","-2,000,000","-1,400,000","-1,200,000","-1,300,000"
EBITDA,"2,753,200,000"
ReconciledCostOfRevenue,"354,800,000","96,100,000","97,600,000","78,300,000","82,800,000","68,600,000","78,400,000","65,700,000","74,900,000","70,100,000","38,600,000","127,000,000","62,000,000","50,000,000","46,366,000","52,451,000","42,886,000","42,297,000","43,844,000","40,943,000","52,007,000","69,399,000","30,895,000","42,505,000","29,852,000","23,671,000","43,203,000","44,237,000","32,733,000","29,107,000","-20,230,000","27,096,000","26,173,000","22,497,000","24,488,000","18,977,000","17,460,000","14,980,000","20,222,000","16,495,000","13,721,000","13,999,000","12,892,000","11,895,000","10,313,000","9,959,000","6,812,000","8,948,000","7,142,000","5,464,000","3,391,000","2,154,000","1,067,000","85,000",,,,,,,,,,,,,,,,,,,,,,,,,,,,,,,,,,,,,,,,,"200,000",,"200,000","200,000","200,000"
ReconciledDepreciation,"368,900,000","89,300,000","90,600,000","92,500,000","96,500,000","97,200,000","98,400,000","104,900,000","100,500,000","101,500,000","185,700,000","110,000,000","102,000,000","99,000,000","100,741,000","100,680,000","97,796,000","96,783,000","93,758,000","49,722,000","12,563,000","10,578,000","18,544,000","9,353,000","9,774,000","9,268,000","8,454,000","7,225,000","6,748,000","6,266,000","6,274,000","6,194,000","5,544,000","5,875,000","4,414,000","4,496,000","4,389,000","4,317,000","3,928,000","4,031,000","3,991,000","3,842,000","3,538,000","2,971,000","2,940,000","3,024,000","2,079,000","1,960,000","2,280,000","1,289,000","1,721,000","1,260,000","1,073,000","873,000","1,055,000","899,000","871,000","881,000","983,000","1,065,000","981,000","833,000","803,000","1,046,000","810,000","877,000","860,000","949,000","968,000","930,000","879,000","739,000","891,000","1,007,000","925,000","1,610,000","1,496,000","1,504,000","911,000","676,000","393,000","300,000","400,000","300,000","300,000","100,000","200,000","200,000","100,000","200,000","100,000","200,000","100,000","200,000","200,000","100,000","300,000","200,000","200,000"
NetIncomeFromContinuingOperationNetMinorityInterest,"2,374,000,000","557,600,000","889,000,000","467,600,000","459,800,000","587,900,000","-45,000,000","330,900,000","-457,400,000","249,100,000","30,300,000","78,000,000","165,000,000","170,000,000","92,436,000","94,338,000","114,943,000","92,166,000","66,604,000","-183,757,000","170,215,000","91,323,000","153,332,000","177,731,000","166,495,000","159,354,000","-18,992,000","93,785,000","95,885,000","82,217,000","80,971,000","92,179,000","36,258,000","45,413,000","48,170,000","65,570,000","34,745,000","26,830,000","26,450,000","27,873,000","21,773,000","20,934,000","237,127,000","26,731,000","16,802,000","14,506,000","15,336,000","19,689,000","2,374,000","-4,249,000","-12,332,000","-20,085,000","-27,184,000","-32,693,000","-39,250,000","-31,872,000","-33,165,000","-27,227,000","-35,074,000","-32,642,000","-32,450,000","-24,470,000","-19,188,000","-20,123,000","-15,213,000","-18,529,000","-20,212,000","-21,584,000","-19,778,000","-21,465,000","-21,640,000","-20,838,000","-17,105,000","-10,810,000","-7,789,000","-7,536,000","-6,462,000","-4,633,000","-29,588,000","-5,092,000","-6,319,000","-3,600,000","-5,200,000","-4,200,000","6,300,000","-4,900,000","-3,700,000","-3,700,000","-3,000,000","-2,800,000","1,600,000","-2,800,000","-1,900,000","-1,000,000","-1,600,000","-1,800,000","-1,200,000","-1,100,000","-1,300,000"
TotalUnusualItemsExcludingGoodwill,"-29,600,000","-48,300,000","45,200,000","-7,100,000","-19,400,000","62,100,000","-438,100,000","-57,900,000","-811,300,000","47,600,000","-9,100,000","-71,000,000","-54,000,000","-24,000,000","-89,579,000","-37,239,000","-7,563,000","14,381,000","-32,957,000","-38,458,000","-49,864,000","-15,142,000","-31,261,000","-8,098,000","-1,477,000","45,000","-30,864,000","-2,482,000","-539,000","-2,294,000","-55,295,000","25,694,000","-4,993,000","-13,888,000","-3,651,000","-1,077,000","-1,506,000","-9,533,000","315,000","56,000","-84,000","-287,000","23,000","-125,000","-3,131,000","-393,000","-2,153,000","124,000","-335,000","1,470,000","1,564,000","2,374,000","2,531,000","2,742,000","-567,000","-13,000",,"1,963,000","1,832,000","1,319,000","-1,455,000","1,168,000","4,853,000","-3,475,000","720,000","994,000","1,001,000","-4,735,000","-1,369,000","1,662,000","1,882,000",,,,,"0",,,"-21,000,000",,"-92,000","700,000","300,000","300,000","300,000","400,000","500,000","600,000","600,000","500,000","400,000","200,000","200,000","200,000","200,000","200,000","100,000",,
TotalUnusualItems,"-29,600,000","-48,300,000","45,200,000","-7,100,000","-19,400,000","62,100,000","-438,100,000","-57,900,000","-811,300,000","47,600,000","-9,100,000","-71,000,000","-54,000,000","-24,000,000","-89,579,000","-37,239,000","-7,563,000","14,381,000","-32,957,000","-38,458,000","-49,864,000","-15,142,000","-31,261,000","-8,098,000","-1,477,000","45,000","-30,864,000","-2,482,000","-539,000","-2,294,000","-55,295,000","25,694,000","-4,993,000","-13,888,000","-3,651,000","-1,077,000","-1,506,000","-9,533,000","315,000","56,000","-84,000","-287,000","23,000","-125,000","-3,131,000","-393,000","-2,153,000","124,000","-335,000","1,470,000","1,564,000","2,374,000","2,531,000","2,742,000","-567,000","-13,000",,"1,963,000","1,832,000","1,319,000","-1,455,000","1,168,000","4,853,000","-3,475,000","720,000","994,000","1,001,000","-4,735,000","-1,369,000","1,662,000","1,882,000",,,,,"0",,,"-21,000,000",,"-92,000","700,000","300,000","300,000","300,000","400,000","500,000","600,000","600,000","500,000","400,000","200,000","200,000","200,000","200,000","200,000","100,000",,
NormalizedEBITDA,"2,782,800,000","827,000,000","669,100,000","653,000,000","633,700,000","596,800,000","528,100,000","529,500,000","518,200,000","429,600,000","310,000,000","264,000,000","386,000,000","341,000,000","319,153,000","320,840,000","299,117,000","249,890,000","224,412,000","247,510,000","243,690,000","133,316,000","255,695,000","254,315,000","230,612,000","222,197,000","178,102,000","145,073,000","145,606,000","126,472,000","170,020,000","123,120,000","94,338,000","89,859,000","82,326,000","71,454,000","55,185,000","54,874,000","48,034,000","46,744,000","36,316,000","34,412,000","26,193,000","30,858,000","24,074,000","18,894,000","23,283,000","22,450,000","5,300,000","-5,394,000","-13,591,000","-23,008,000","-30,752,000","-36,694,000","-39,264,000","-32,151,000","-33,673,000","-29,674,000","-37,147,000","-34,946,000","-27,211,000","-24,140,000","-26,245,000","-14,704,000","-14,103,000","-17,835,000","-19,496,000","-15,739,000","-16,898,000","-21,874,000","-22,549,000","-20,015,000","-16,908,000","-12,492,000","-8,485,000","-8,002,000","-7,669,000","-7,717,000","12,513,000","-5,316,000","-6,666,000","-4,700,000","-5,400,000","-4,400,000","6,000,000","-5,600,000","-4,500,000","-4,700,000","-4,100,000","-3,600,000","900,000","-3,000,000","-2,200,000","-1,200,000","-1,800,000","-2,100,000","-1,200,000","-1,000,000","-1,100,000"
TaxRateForCalcs,"0.27","0.16","0.27","0.127","0.079","0.27","0.27","0.033","0.27","0.292","0.4","0.4","0.199","0.124","0.114","0.4","0.324","0.358","0.107","0.4","0.04","0.146","0.253","0.248","0.239","0.248","0.35","0.302","0.301","0.296","0.245","0.345","0.35","0.33","0.35","0.002","0.292","0.343","0.4","0.346","0.321","0.304","0.35","0.034","0.061","0.042","0.084","0.021","0.35","0.021","0.038","0.004","0.003","0.003","0.003","0.003","0.003","0.003","0.004","0.011","0.008","0.004","0.003","0.018","0.012","0.003","0.004","0.03","0.01","0.4","0.4","0","0","0.061","0.4","0.4","0.4","0.4","0.4","0.4","0.4","0.4","0.4","0.4","0.4","0.4","0.4","0.4","0.4","0.4","0.4","0.4","0.4","0.4","0.4","0.4","0.4","0.4","0.4"
TaxEffectOfUnusualItems,"-7,992,000","-7,728,000","12,204,000","-901,700","-1,532,600","16,767,000","-118,287,000","-1,910,700","-219,051,000","13,899,200","-3,640,000","-28,400,000","-10,746,000","-2,976,000","-10,207,006.825","-14,895,600","-2,450,412","5,148,398","-3,511,180.935","-15,383,200","-1,994,560","-2,210,732","-7,917,821.326","-2,008,304","-353,003","11,160","-10,802,400","-749,564","-162,239","-679,024","-13,556,087.127","8,868,459.376","-1,747,550","-4,586,937.545","-1,276,898.782","-1,754.633","-440,015.727","-3,268,110.224","126,000","19,365.456","-26,993.735","-87,217.537","8,050","-4,294.307","-191,072.538","-16,556.656","-181,516.36","2,559.69","-117,250","30,490.897","59,417.115","9,183.752","8,351.91","7,527.682","-1,484.029","-36.606","0","6,467.401","6,505.867","14,506.802","-11,212.158","4,185.357","15,630.442","-63,073.92","8,696.669","3,314.937","3,503.969","-143,794.25","-13,433.664","664,800","752,800","0","0","0","0","0","0","0","-8,400,000","0","-36,800","280,000","120,000","120,000","120,000","160,000","200,000","240,000","240,000","200,000","160,000","80,000","80,000","80,000","80,000","80,000","40,000","0","0"