name,ttm,12/31/2019,09/30/2019,06/30/2019,03/31/2019,12/31/2018,09/30/2018,06/30/2018,03/31/2018,12/31/2017,09/30/2017,06/30/2017,03/31/2017,12/31/2016,09/30/2016,06/30/2016,03/31/2016,12/31/2015,09/30/2015,06/30/2015,03/31/2015,12/31/2014,09/30/2014,06/30/2014,03/31/2014,12/31/2013,09/30/2013,06/30/2013,03/31/2013,12/31/2012,09/30/2012,06/30/2012,03/31/2012,12/31/2011,09/30/2011,06/30/2011,03/31/2011,12/31/2010,09/30/2010,06/30/2010,03/31/2010,12/31/2009,09/30/2009,06/30/2009,03/31/2009,12/31/2008,09/30/2008,06/30/2008,03/31/2008,12/31/2007,09/30/2007,06/30/2007,03/31/2007,12/31/2006,09/30/2006,06/30/2006,03/31/2006,12/31/2005,09/30/2005,06/30/2005,03/31/2005,12/31/2004,09/30/2004,06/30/2004,03/31/2004,12/31/2003,09/30/2003,06/30/2003,03/31/2003,12/31/2002,09/30/2002,06/30/2002,03/31/2002,12/31/2001,09/30/2001,06/30/2001,03/31/2001,12/31/2000,09/30/2000,06/30/2000,03/31/2000,12/31/1999,09/30/1999,06/30/1999,03/31/1999,12/31/1998,09/30/1998,06/30/1998,03/31/1998,12/31/1997,09/30/1997,06/30/1997,03/31/1997,12/31/1996,09/30/1996,06/30/1996,03/31/1996,12/31/1995,09/30/1995,06/30/1995,03/31/1995,12/31/1994,09/30/1994,06/30/1994,03/31/1994,12/31/1993,09/30/1993,06/30/1993,03/31/1993,12/31/1992,09/30/1992,06/30/1992,03/31/1992,12/31/1991,09/30/1991,06/30/1991,03/31/1991,12/31/1990,09/30/1990,06/30/1990,03/31/1990,12/31/1989,09/30/1989,06/30/1989,03/31/1989,12/31/1988,09/30/1988,06/30/1988,03/31/1988
TotalRevenue,"21,335,700,000","5,548,900,000","5,461,200,000","5,343,800,000","4,981,800,000","5,411,700,000","5,349,200,000","5,392,000,000","5,259,900,000","5,683,500,000","5,432,400,000","5,279,300,000","5,139,400,000","5,480,500,000","5,567,500,000","5,441,400,000","5,119,600,000","5,339,800,000","5,353,700,000","5,224,300,000","4,944,200,000","5,047,800,000","4,909,000,000","4,788,500,000","4,363,500,000","4,523,900,000","4,470,800,000","4,426,500,000","4,096,400,000","4,173,500,000","3,933,800,000","3,904,500,000","3,657,000,000","3,678,400,000","3,506,500,000","3,336,300,000","3,311,100,000","3,246,200,000","3,273,900,000","3,109,000,000","2,847,200,000","2,815,000,000","2,915,700,000","2,609,600,000","2,473,100,000","2,724,300,000","3,543,400,000","3,909,600,000","3,999,400,000","4,203,100,000","4,601,800,000","4,559,300,000","4,395,300,000","4,421,000,000","4,961,500,000","5,010,800,000","4,674,000,000","4,460,500,000","5,196,400,000","5,038,400,000","4,620,300,000","4,672,000,000","5,097,400,000","4,988,900,000","4,797,000,000","4,595,800,000","5,257,400,000","5,068,600,000","4,459,300,000","4,518,500,000","5,193,700,000","5,015,600,000","4,750,700,000","5,148,700,000","5,011,500,000","4,942,100,000","4,887,000,000","4,701,800,000","5,338,100,000","5,339,500,000","5,230,200,000","5,019,800,000","5,459,700,000","5,069,600,000","5,353,700,000","3,456,400,000","4,868,600,000","4,373,300,000","3,419,900,000","2,928,200,000","3,123,600,000","2,377,600,000","1,504,000,000","1,942,100,000","155,700,000","138,700,000","99,600,000","196,100,000","28,500,000","16,200,000","13,800,000","-21,600,000","24,200,000","25,200,000","21,100,000","24,200,000","27,600,000","26,500,000","24,500,000","29,900,000","26,500,000","28,200,000","25,400,000","15,700,000","14,500,000","10,000,000","11,400,000","2,100,000","16,000,000","9,400,000","900,000","200,000","100,000","100,000","100,000","200,000","200,000","100,000","100,000"
	OperatingRevenue,"21,228,400,000","5,526,700,000","5,446,500,000","5,305,700,000","4,949,500,000","5,392,400,000","5,326,200,000","5,353,200,000","5,232,100,000","5,654,700,000","5,419,900,000","5,218,300,000","5,103,800,000","5,444,300,000","5,546,100,000","5,391,400,000","5,085,300,000","5,292,400,000","5,329,400,000","5,179,600,000","4,913,800,000","5,014,100,000","4,886,000,000","4,709,400,000","4,321,700,000","4,473,900,000","4,435,000,000","4,379,900,000","4,059,600,000","4,096,700,000","3,933,800,000","3,904,500,000","3,657,000,000","3,718,800,000","3,493,400,000","3,322,900,000","3,297,200,000","3,246,200,000","3,273,900,000","3,109,000,000","2,847,200,000","6,599,200,000","1,628,100,000","2,609,600,000","2,473,100,000","2,724,300,000","3,543,400,000","3,909,600,000","3,999,400,000","4,203,100,000","4,601,800,000","4,559,300,000","4,395,300,000","4,421,000,000","4,961,500,000","5,010,800,000","4,674,000,000","4,460,500,000","5,196,400,000","5,038,400,000","4,620,300,000","4,672,000,000","5,097,400,000","4,988,900,000","4,797,000,000","4,595,800,000","5,257,400,000","5,068,600,000","4,459,300,000","4,518,500,000","5,193,700,000","5,015,600,000","4,750,700,000","5,148,700,000","5,011,500,000","4,942,100,000","4,887,000,000","4,701,800,000","5,338,100,000","5,339,500,000","5,230,200,000","5,019,800,000","5,459,700,000","5,069,600,000","5,353,700,000","3,456,400,000","4,868,600,000","4,373,300,000","3,419,900,000","2,928,200,000","3,123,600,000","2,377,600,000","1,504,000,000","1,942,100,000","155,700,000","138,700,000","99,600,000","196,100,000","28,500,000","16,200,000","13,800,000","-21,600,000","24,200,000","25,200,000","21,100,000","24,200,000","27,600,000","26,500,000","24,500,000","29,900,000","26,500,000","28,200,000","25,400,000","15,700,000","14,500,000","10,000,000","11,400,000","2,100,000","16,000,000","9,400,000","900,000","200,000","100,000","100,000","100,000","200,000","200,000","100,000","100,000"
CostOfRevenue,"17,812,700,000","4,653,300,000","4,573,800,000","4,453,000,000","4,132,600,000","4,563,800,000","4,493,900,000","4,540,200,000","4,417,600,000","4,816,300,000","4,586,500,000","4,453,200,000","4,319,600,000","4,671,400,000","4,731,100,000","4,599,600,000","4,293,700,000","4,527,600,000","4,523,400,000","4,405,200,000","4,144,300,000","4,264,300,000","4,156,100,000","4,043,600,000","3,656,100,000","3,820,700,000","3,774,200,000","3,730,400,000","3,432,400,000","3,540,700,000","3,311,200,000","3,276,500,000","3,054,000,000","3,099,200,000","2,931,300,000","2,752,900,000","2,744,900,000","2,701,700,000","2,728,500,000","2,578,800,000","2,337,000,000","2,337,700,000","2,400,700,000","2,133,100,000","2,002,500,000","2,245,500,000","2,951,500,000","3,262,100,000","3,330,200,000","3,532,900,000","3,875,000,000","3,833,600,000","3,662,200,000","3,717,900,000","4,179,000,000","4,210,100,000","3,902,400,000","3,736,700,000","4,389,000,000","4,253,100,000","3,863,300,000","3,942,100,000","4,329,100,000","4,218,800,000","4,044,900,000","3,902,700,000","4,467,900,000","4,296,500,000","3,751,200,000","3,768,400,000","4,429,600,000","4,265,000,000","4,029,000,000","4,527,200,000","4,252,200,000","4,186,800,000","4,149,200,000","3,982,800,000","4,560,700,000","4,600,600,000","4,520,000,000","4,339,500,000","4,677,700,000","4,571,400,000","4,321,400,000","2,885,900,000","3,659,600,000","3,348,800,000","2,586,600,000","2,456,000,000","2,094,000,000","1,719,800,000","1,031,500,000","422,700,000","102,500,000","81,700,000","58,300,000","111,400,000","17,400,000","9,400,000","7,400,000","-15,800,000","14,100,000","15,300,000","12,500,000","14,700,000","17,500,000","17,400,000","16,200,000","20,800,000","16,500,000","18,100,000","16,400,000","9,200,000","7,800,000","5,800,000","5,600,000",,,"5,300,000","500,000",,,,,,,,
GrossProfit,"3,523,000,000","895,600,000","887,400,000","890,800,000","849,200,000","847,900,000","855,300,000","851,800,000","842,300,000","867,200,000","845,900,000","826,100,000","819,800,000","809,100,000","836,400,000","841,800,000","825,900,000","812,200,000","830,300,000","819,100,000","799,900,000","783,500,000","752,900,000","744,900,000","707,400,000","703,200,000","696,600,000","696,100,000","664,000,000","632,800,000","622,600,000","628,000,000","603,000,000","579,200,000","575,200,000","583,400,000","566,200,000","544,500,000","545,400,000","530,200,000","510,200,000","477,300,000","515,000,000","476,500,000","470,600,000","478,800,000","591,900,000","647,500,000","669,200,000","670,200,000","726,800,000","725,700,000","733,100,000","703,100,000","782,500,000","800,700,000","771,600,000","723,800,000","807,400,000","785,300,000","757,000,000","729,900,000","768,300,000","770,100,000","752,100,000","693,100,000","789,500,000","772,100,000","708,100,000","750,100,000","764,100,000","750,600,000","721,700,000","621,500,000","759,300,000","755,300,000","737,800,000","719,000,000","777,400,000","738,900,000","710,200,000","680,300,000","782,000,000","498,200,000","1,032,300,000","570,500,000","1,209,000,000","1,024,500,000","833,300,000","472,200,000","1,029,600,000","657,800,000","472,500,000","1,519,400,000","53,200,000","57,000,000","41,300,000","84,700,000","11,100,000","6,800,000","6,400,000","-5,800,000","10,100,000","9,900,000","8,600,000","9,500,000","10,100,000","9,100,000","8,300,000","9,100,000","10,000,000","10,100,000","9,000,000","6,500,000","6,700,000","4,200,000","5,800,000",,,"4,100,000","400,000",,,,,,,,
OperatingExpense,"2,689,800,000","659,800,000","693,900,000","677,700,000","658,400,000","650,600,000","651,700,000","652,500,000","656,500,000","637,900,000","634,700,000","629,900,000","613,100,000","572,500,000","617,400,000","615,300,000","618,500,000","596,400,000","594,600,000","597,000,000","585,000,000","557,000,000","545,500,000","547,100,000","518,300,000","500,400,000","509,400,000","515,200,000","494,600,000","464,700,000","458,700,000","459,400,000","454,100,000","435,700,000","431,100,000","438,700,000","428,400,000","409,800,000","424,500,000","404,300,000","395,500,000","382,300,000","396,400,000","372,700,000","381,800,000","-1,342,300,000","2,229,600,000","516,400,000","522,100,000","522,500,000","540,500,000","540,900,000","545,700,000","525,900,000","578,500,000","587,500,000","568,400,000","545,900,000","587,700,000","575,700,000","557,800,000","535,400,000","573,200,000","575,000,000","571,100,000","562,400,000","-127,350,000","565,200,000","537,900,000","539,400,000","583,400,000","571,300,000","564,600,000","688,500,000","592,900,000","562,300,000","584,900,000","586,900,000","575,300,000","577,400,000","583,900,000","668,500,000","640,600,000","343,300,000","948,400,000","674,600,000","904,500,000","813,800,000","709,200,000","439,900,000","834,900,000","554,500,000","432,500,000","1,532,700,000","35,200,000","32,500,000","25,000,000","58,200,000","7,200,000","3,500,000","3,600,000","-6,200,000","6,500,000","6,300,000","6,500,000","7,300,000","7,200,000","6,900,000","7,300,000","7,100,000","7,000,000","7,000,000","7,100,000","3,300,000","3,200,000","2,500,000","3,700,000",,,"2,700,000","300,000",,,,,,,,
	SellingGeneralAndAdministration,"2,558,600,000","644,800,000","653,800,000","637,000,000","623,000,000","631,500,000","626,200,000","625,300,000","626,800,000","622,100,000","607,500,000","611,300,000","595,300,000","584,200,000","591,300,000","585,200,000","588,700,000","568,500,000","568,700,000","568,700,000","557,600,000","532,000,000","522,300,000","524,600,000","500,700,000","482,500,000","485,100,000","494,100,000","473,300,000","442,200,000","435,800,000","438,600,000","432,900,000","412,700,000","411,400,000","417,600,000","407,700,000","392,700,000","402,900,000","384,200,000","375,400,000","364,500,000","380,100,000","364,100,000","364,600,000","381,800,000","452,700,000","494,000,000","498,300,000","495,600,000","518,100,000","517,700,000","524,400,000","504,700,000","557,600,000","566,200,000","548,600,000","525,700,000","566,800,000","555,900,000","537,200,000","509,100,000","551,700,000","556,400,000","550,100,000","520,300,000","565,500,000","548,900,000","523,000,000","528,500,000","568,700,000","555,600,000","548,100,000","557,800,000","554,800,000","544,500,000","549,300,000","554,200,000","540,300,000","544,400,000","550,800,000","633,400,000","608,600,000","551,900,000","683,900,000","477,600,000","593,100,000","525,200,000","454,600,000","390,000,000","337,000,000","301,800,000","229,400,000","1,020,100,000","24,100,000","22,400,000","18,300,000","42,000,000","5,200,000","2,100,000","2,200,000","-5,700,000","4,800,000","4,600,000","4,800,000","5,200,000","5,700,000","5,500,000","5,800,000","6,000,000","5,600,000","5,400,000","5,600,000","2,500,000","2,300,000","2,400,000","2,800,000",,,"2,700,000","300,000",,,,,,,,
		GeneralAndAdministrativeExpense,"2,370,800,000","596,800,000","605,500,000","589,700,000","578,800,000","581,700,000","574,500,000","573,300,000","582,500,000","573,600,000","556,900,000","563,300,000","549,600,000","533,400,000","540,100,000","533,200,000","546,000,000","519,700,000","520,200,000","519,500,000","515,600,000","492,800,000","481,500,000","480,300,000","460,100,000","445,800,000","443,200,000","446,500,000","433,100,000",,,,,,,,,,,,,,,,,,,,,,,,,,,,,,,,,,,,,,,,,,,,,,,,,,,,,,,,,,,,,,,,,,,,,,,,,,,,,,,,,,,,,,,,,,,,,,,,,,,,
			SalariesAndWages,"1,634,600,000","412,200,000","422,000,000","401,400,000","399,000,000","396,300,000","389,800,000","382,000,000","399,700,000","395,600,000","382,900,000","384,900,000","377,200,000","361,900,000","367,100,000","365,400,000","373,100,000","360,600,000","359,000,000","365,400,000","369,300,000","351,900,000","342,300,000","339,400,000","328,900,000","296,000,000","320,400,000","319,800,000","316,700,000",,,,,,,,,,,,,,,,,,,,,,,,,,,,,,,,,,,,,,,,,,,,,,,,,,,,,,,,,,,,,,,,,,,,,,,,,,,,,,,,,,,,,,,,,,,,,,,,,,,,
			OtherGandA,"736,200,000","184,600,000","183,500,000","188,300,000","179,800,000","185,400,000","184,700,000","191,300,000","182,800,000","178,000,000","174,000,000","178,400,000","172,400,000","171,500,000","173,000,000","167,800,000","172,900,000","159,100,000","161,200,000","154,100,000","146,300,000","140,900,000","139,200,000","140,900,000","131,200,000","149,800,000","122,800,000","126,700,000","116,400,000",,,,,,,,,,,,,,,,,,,,,,,,,,,,,,,,,,,,,,,,,,,,,,,,,,,,,,,,,,,,,,,,,,,,,,,,,,,,,,,,,,,,,,,,,,,,,,,,,,,,
		SellingAndMarketingExpense,"187,800,000","48,000,000","48,300,000","47,300,000","44,200,000","49,800,000","51,700,000","52,000,000","44,300,000","48,500,000","50,600,000","48,000,000","45,700,000","50,800,000","51,200,000","52,000,000","42,700,000","48,800,000","48,500,000","49,200,000","42,000,000","39,200,000","40,800,000","44,300,000","40,600,000","36,700,000","41,900,000","47,600,000","40,200,000",,,,,,,,,,,,,,,,,,,,,,,,,,,,,,,,,,,,,,,,,,,,,,,,,,,,,,,,,,,,,,,,,,,,,,,,,,,,,,,,,,,,,,,,,,,,,,,,,,,,
	DepreciationAmortizationDepletionIncomeStatement,"180,500,000","46,800,000","45,200,000","44,400,000","44,100,000","42,200,000","42,900,000","41,100,000","40,000,000","40,600,000","41,400,000","39,300,000","37,300,000","36,400,000","36,300,000","35,900,000","34,800,000","33,700,000","32,900,000","32,100,000","28,700,000","27,900,000","27,200,000","26,200,000","25,600,000","25,200,000","24,100,000","23,300,000","22,700,000","22,400,000","22,900,000","20,800,000","21,200,000","21,000,000","20,900,000","21,100,000","20,700,000","19,600,000","18,700,000","19,600,000","18,900,000","19,000,000","19,400,000","19,100,000","20,700,000","22,400,000","22,700,000","22,400,000","23,500,000","26,800,000","22,300,000","21,600,000","21,300,000","21,000,000","21,300,000","21,200,000","19,800,000","20,300,000","19,700,000","20,500,000","20,500,000","23,700,000","20,500,000","20,000,000","19,200,000","18,300,000","17,900,000","17,300,000","17,500,000","17,200,000","18,500,000","17,700,000","16,300,000","41,100,000","38,400,000","36,800,000","35,600,000","32,700,000","35,000,000","33,000,000","33,100,000","35,100,000","32,000,000","208,600,000","264,500,000","197,000,000","311,400,000","288,600,000","254,600,000","49,900,000","497,900,000","252,700,000","203,100,000","512,600,000","11,100,000","10,100,000","6,700,000","16,200,000","2,000,000","1,400,000","1,400,000","-500,000","1,700,000","1,700,000","1,700,000","2,100,000","1,500,000","1,400,000","1,500,000","1,100,000","1,400,000","1,600,000","1,500,000","800,000","900,000","100,000","900,000",,,,,,,,,,,,
		DepreciationAndAmortizationInIncomeStatement,"180,500,000","46,800,000","45,200,000","44,400,000","44,100,000","42,200,000","42,900,000","41,100,000","40,000,000","40,600,000","41,400,000","39,300,000","37,300,000","36,400,000","36,300,000","35,900,000","34,800,000","33,700,000","32,900,000","32,100,000","28,700,000","27,900,000","27,200,000","26,200,000","25,600,000","25,200,000","24,100,000","23,300,000","22,700,000","22,400,000","22,900,000","20,800,000","21,200,000","21,000,000","20,900,000","21,100,000","20,700,000","19,600,000","18,700,000","19,600,000","18,900,000","19,000,000","19,400,000","19,100,000","20,700,000","22,400,000","22,700,000","22,400,000","23,500,000","26,800,000","22,300,000","21,600,000","21,300,000","21,000,000","21,300,000","21,200,000","19,800,000","20,300,000","19,700,000","20,500,000","20,500,000","23,700,000","20,500,000","20,000,000","19,200,000","18,300,000","17,900,000","17,300,000","17,500,000","17,200,000","18,500,000","17,700,000","16,300,000","41,100,000","38,400,000","36,800,000","35,600,000","32,700,000","35,000,000","33,000,000","33,100,000","35,100,000","32,000,000","208,600,000","264,500,000","197,000,000","311,400,000","288,600,000","254,600,000","49,900,000","497,900,000","252,700,000","203,100,000","512,600,000","11,100,000","10,100,000","6,700,000","16,200,000","2,000,000","1,400,000","1,400,000","-500,000","1,700,000","1,700,000","1,700,000","2,100,000","1,500,000","1,400,000","1,500,000","1,100,000","1,400,000","1,600,000","1,500,000","800,000","900,000","100,000","900,000",,,,,,,,,,,,
			DepreciationIncomeStatement,,,,,,,,,,,,,,,,,,,,,,,,,,,,,,,,,,,,,,,,,,,,,,,,,,,,,,,,,,,,,,"23,400,000","20,200,000","19,700,000","18,900,000","18,000,000","17,600,000","16,900,000","16,900,000","16,700,000","18,000,000","16,900,000","15,700,000","20,700,000","18,000,000","16,400,000","15,600,000",,,,,,,,,,,,,,,,,,,,,,,,,,,,,,,,,,,,,,,,,,,,,,,,,,,,
			Amortization,,,,,,,,,,,,,,,,,,,,,,,,,,,,,,,,,,,,,,,,,,,,,,,,,,,,,,,,,,,,,,"300,000","300,000","300,000","300,000","300,000","300,000","400,000","600,000","500,000","500,000","800,000","600,000","20,400,000","20,400,000","20,400,000","20,000,000",,,,,,,,,,,,,,,,,,,,,,,,,,,,,,,,,,,,,,,,,,,,,,,,,,,,
				AmortizationOfIntangiblesIncomeStatement,,,,,,,,,,,,,,,,,,,,,,,,,,,,,,,,,,,,,,,,,,,,,,,,,,,,,,,,,,,,,,"300,000","300,000","300,000","300,000","300,000","300,000","400,000","600,000","500,000","500,000","800,000","600,000","20,400,000","20,400,000","20,400,000","20,000,000",,,,,,,,,,,,,,,,,,,,,,,,,,,,,,,,,,,,,,,,,,,,,,,,,,,,
	OtherOperatingExpenses,"-49,300,000","-31,800,000","-5,100,000","-3,700,000","-8,700,000","-23,100,000","-17,400,000","-13,900,000","-10,300,000","-24,800,000","-14,200,000","-20,700,000","-19,500,000","-48,100,000","-10,200,000","-5,800,000","-5,000,000","-5,800,000","-7,000,000","-3,800,000","-1,300,000","-2,900,000","-4,000,000","-3,700,000","-8,000,000","-7,300,000","200,000","-2,200,000","-1,400,000","-500,000",,,,"2,000,000","-1,200,000",,,"-2,500,000","2,900,000","500,000","1,200,000","-1,200,000","-3,100,000","-10,500,000","-3,500,000","-1,746,500,000","1,754,200,000",,"300,000","100,000","100,000","1,600,000",,"200,000","-400,000","100,000",,"-100,000","1,200,000","-700,000","100,000","2,600,000","1,000,000","-1,400,000","1,800,000","23,800,000","-710,750,000","-1,000,000","-2,600,000","-6,300,000","-3,800,000","-2,000,000","200,000","89,600,000","-300,000","-19,000,000",,,,,,,,,,,,,,,,,,,,,,,,,,,,,,,,,,,,,,,,,,,,,,,,,,,,,
OperatingIncome,"833,200,000","235,800,000","193,500,000","213,100,000","190,800,000","197,300,000","203,600,000","199,300,000","185,800,000","229,300,000","211,200,000","196,200,000","206,700,000","236,600,000","219,000,000","226,500,000","207,400,000","215,800,000","235,700,000","222,100,000","214,900,000","226,500,000","207,400,000","197,800,000","189,100,000","202,800,000","187,200,000","180,900,000","169,400,000","168,100,000","163,900,000","168,600,000","148,900,000","143,500,000","144,100,000","144,700,000","137,800,000","134,700,000","120,900,000","125,900,000","114,700,000","95,000,000","118,600,000","103,800,000","88,800,000","1,821,100,000","-1,637,700,000","131,100,000","147,100,000","147,700,000","186,300,000","184,800,000","187,400,000","177,200,000","204,000,000","213,200,000","203,200,000","177,900,000","219,700,000","209,600,000","199,200,000","194,500,000","195,100,000","195,100,000","181,000,000","130,700,000","916,850,000","206,900,000","170,200,000","210,700,000","180,700,000","179,300,000","157,100,000","-67,000,000","166,400,000","193,000,000","152,900,000","132,100,000","202,100,000","161,500,000","126,300,000","11,800,000","141,400,000","154,900,000","83,900,000","-104,100,000","304,500,000","210,700,000","124,100,000","32,300,000","194,700,000","103,300,000","40,000,000","-13,300,000","18,000,000","24,500,000","16,300,000","26,500,000","3,900,000","3,300,000","2,800,000","400,000","3,600,000","3,600,000","2,100,000","2,200,000","2,900,000","2,200,000","1,000,000","2,000,000","3,000,000","3,100,000","1,900,000","3,200,000","3,500,000","1,700,000","2,100,000","-25,800,000","16,000,000","1,400,000","100,000","-800,000","100,000","100,000","100,000","-700,000","200,000","100,000","100,000"
NetNonOperatingInterestIncomeExpense,"-244,600,000","-54,000,000","-59,000,000","-65,000,000","-66,600,000","-65,700,000","-60,800,000","-61,800,000","-60,400,000","-58,300,000","-54,900,000","-53,100,000","-49,900,000","-49,400,000","-46,800,000","-47,600,000","-47,100,000","-42,700,000","-36,100,000","-35,800,000","-34,500,000","-35,800,000","-34,700,000","-34,500,000","-34,800,000","-35,900,000","-34,900,000","-35,600,000","-35,100,000","-34,200,000","-33,600,000","-33,200,000","-31,100,000","-28,200,000","-26,100,000","-26,500,000","-27,200,000","-28,000,000","-26,600,000","-24,200,000","-18,500,000","-19,300,000","-17,500,000","-19,500,000","-21,600,000",,,,,,,,,,,,,,,,,,,,,,,,,,,,,,,,,,,,,,,,,,,,,,,,,,,,,,,,,,,,,,,,,,,,,,,,,,,,,,,,,,,,
	InterestIncomeNonOperating,"500,000","100,000","100,000","100,000","200,000","300,000","300,000","300,000","200,000","200,000","200,000","200,000","400,000","300,000","300,000","400,000","100,000","0","0","0","100,000","0","100,000","100,000","0","0","100,000","0","100,000","100,000","0","100,000","100,000","100,000","0","300,000","300,000","600,000","300,000","300,000","200,000","200,000","300,000","300,000","300,000",,,,,,,,,,,,,,,,,,,,,,,,,,,,,,,,,,,,,,,,,,,,,,,,,,,,,,,,,,,,,,,,,,,,,,,,,,,,,,,,,,,,
	InterestExpenseNonOperating,"245,100,000","54,100,000","59,100,000","65,100,000","66,800,000","66,000,000","61,100,000","62,100,000","60,600,000","58,500,000","55,100,000","53,300,000","50,300,000","49,700,000","47,100,000","48,000,000","47,200,000","42,700,000","36,100,000","35,800,000","34,600,000","35,800,000","34,800,000","34,600,000","34,800,000","35,900,000","35,000,000","35,600,000","35,200,000","34,300,000","33,600,000","33,300,000","31,200,000","28,300,000","26,100,000","26,800,000","27,500,000","28,600,000","26,900,000","24,500,000","18,700,000","19,500,000","17,800,000","19,800,000","21,900,000",,,,,,,,,,,,,,,,,,,,,,,,,,,,,,,,,,,,,,,,,,,,,,,,,,,,,,,,,,,,,,,,,,,,,,,,,,,,,,,,,,,,
OtherIncomeExpense,"24,000,000","29,400,000","2,600,000","-9,900,000","1,900,000","-3,100,000","2,300,000","-7,900,000","800,000","2,900,000","1,600,000","1,800,000","3,000,000","300,000","2,600,000","4,200,000","-3,400,000","-14,000,000","-4,300,000","500,000","1,100,000","-2,200,000","1,100,000","900,000","1,500,000","3,400,000","-700,000","1,300,000","1,600,000","1,100,000","2,300,000","-5,800,000","-200,000","-2,500,000","-2,400,000","200,000","3,900,000","2,600,000","-700,000","-300,000","-200,000","1,400,000","2,700,000","2,600,000","11,900,000","40,700,000","-1,744,400,000","900,000","-2,100,000","-1,700,000","-1,000,000","-800,000","200,000","3,200,000","900,000","600,000",,"100,000","-1,300,000","1,400,000","-1,100,000","-4,400,000","-2,900,000","400,000","-2,300,000","-11,900,000","-1,200,000","6,200,000","3,700,000","10,900,000","6,300,000","100,000","-400,000","-88,100,000","-700,000","8,800,000","-100,000","47,800,000","5,500,000","-1,500,000","-14,600,000","-419,000,000","1,700,000","6,700,000","5,300,000","4,300,000","6,500,000","-300,000","-1,000,000","-73,900,000","4,700,000","12,000,000","9,200,000","-25,700,000","7,100,000","3,600,000","2,400,000","4,100,000","1,500,000","100,000",,"-100,000",,"100,000","100,000","-24,800,000","100,000","100,000","100,000","-200,000","400,000","1,200,000","-1,700,000","200,000","100,000","-5,200,000",,,,"400,000",,,,,,,,,
	SpecialIncomeCharges,"-9,600,000","0","0","-9,600,000",,"0","0","-8,100,000",,,,,,"0",,,,"-15,400,000",,,,"-1,600,000",,,,"0","0","0",,"-2,500,000","2,300,000","-5,800,000","-200,000","-2,500,000","-2,400,000","200,000","3,900,000","2,600,000","-700,000","-300,000","-200,000","1,400,000","2,700,000","2,600,000","11,900,000","40,700,000","-1,744,400,000","900,000","-2,100,000","-1,700,000","-1,000,000","-800,000","200,000","3,200,000","900,000","600,000",,"100,000","-1,300,000","1,400,000","-1,100,000","-4,400,000","-2,900,000","400,000","-2,300,000","-11,900,000","-1,200,000","6,200,000","3,700,000","10,900,000","6,300,000","100,000","-400,000","-88,100,000","-700,000","8,800,000","-100,000","47,800,000","5,500,000","-1,500,000","-14,600,000","-419,000,000","1,700,000","6,700,000","5,300,000","4,300,000","6,500,000","-300,000","-1,000,000","-73,900,000","4,700,000","12,000,000","9,200,000","-25,700,000","7,100,000","3,600,000","2,400,000","4,100,000","1,500,000","100,000",,"-100,000",,"100,000","100,000","-24,800,000","100,000","100,000","100,000","-200,000","400,000","1,200,000","-1,700,000","200,000","100,000","-5,200,000",,,,"400,000",,,,,,,,,
		RestructuringAndMergernAcquisition,,,,,,,,,,,,,,,,,,,,,,,,,,,,,,,,,,,,,,,,,,,,,,,,,,,,,,,,,,,,,,,,,,,,,,"200,000",,"1,200,000",,"-3,600,000","-600,000","9,500,000",,,,,,,,,,,,,,,,,,,,,,,,,,,,,,,,,,,,,,,,,,,,,,,,,,,,,
		ImpairmentOfCapitalAssets,"9,600,000","0","0","9,600,000",,"0","0","8,100,000",,,,,,"0",,,,"15,400,000",,,,"0",,,,"0","0","0",,"0","0","4,200,000",,,,,,"0","0","0",,"0","0","1,500,000",,,,,,,,,,,,,,,,,,,,,,,,,,,,,,,,,,,,,,,,,,,,,,,,,,,,,,,,,,,,,,,,,,,,,,,,,,,,,,,,,,,,,
		OtherSpecialCharges,,,,,,,,,,,,,,,,,,,,,,"1,600,000",,,,,,,,,"-2,300,000","1,600,000",,,,,,"-2,600,000","700,000","300,000",,"-1,400,000","-2,700,000","-4,100,000",,,,,,,,,,,,,,,,,,,,,,,,,,"-11,100,000",,"-1,300,000",,"91,700,000","1,300,000","-18,300,000",,,,,,,,,,,,,,,,,,,,,,,,,,,,,,,,,,,,,,,,,,,,,,,,,,,,,
	OtherNonOperatingIncomeExpenses,"33,600,000","29,400,000","2,600,000","-300,000","1,900,000","-3,100,000","2,300,000","200,000","800,000","2,900,000","1,600,000","1,800,000","3,000,000","300,000","2,600,000","4,200,000","-3,400,000","1,400,000","-4,300,000","500,000","1,100,000","-600,000","1,100,000","900,000","1,500,000","3,400,000","-700,000","1,300,000","1,600,000","500,000",,,,,,,,,,,,,,,,,,,,,,,,,,,,,,,,,,,,,,,,,,,,,,,,,,,,,,,,,,,,,,,,,,,,,,,,,,,,,,,,,,,,,,,,,,,,,,,,,,,
PretaxIncome,"612,600,000","211,200,000","137,100,000","138,200,000","126,100,000","128,500,000","145,100,000","129,600,000","126,200,000","173,900,000","157,900,000","144,900,000","159,800,000","187,500,000","174,800,000","183,100,000","156,900,000","159,100,000","195,300,000","186,800,000","181,500,000","188,500,000","173,800,000","164,200,000","155,800,000","170,300,000","151,600,000","146,600,000","135,900,000","135,000,000","132,600,000","129,600,000","119,600,000","112,800,000","115,600,000","118,400,000","114,500,000","109,300,000","93,600,000","81,800,000","96,000,000","77,100,000","103,800,000","86,900,000","77,500,000","61,500,000","-1,667,900,000","89,200,000","93,700,000","81,600,000","122,600,000","126,500,000","129,200,000","119,000,000","141,000,000","119,700,000","162,200,000","132,700,000","180,200,000","166,800,000","141,900,000","152,700,000","154,300,000","153,700,000","144,300,000","109,100,000","171,700,000","172,900,000","137,300,000","128,600,000","172,800,000","168,100,000","148,500,000","32,100,000","129,900,000","141,500,000","97,300,000","118,000,000","149,000,000","154,500,000","103,500,000","-415,200,000","144,700,000","151,700,000","79,200,000","-86,900,000","290,100,000","199,100,000","120,400,000","-44,700,000","195,900,000","109,400,000","45,900,000","-70,000,000","24,600,000","27,300,000","18,100,000","26,000,000","5,100,000","3,000,000",,,,,,,"2,500,000","1,800,000","500,000","1,300,000","3,000,000","3,800,000","-300,000","2,700,000","3,200,000","-4,000,000","1,700,000",,,"1,700,000",,,,,,,,,
TaxProvision,"161,800,000","53,500,000","37,100,000","37,200,000","34,000,000","35,600,000","32,800,000","32,200,000","32,900,000","22,400,000","60,300,000","57,200,000","61,600,000","71,900,000","67,000,000","71,000,000","60,700,000","61,300,000","76,300,000","71,600,000","69,800,000","71,600,000","67,100,000","63,500,000","60,300,000","60,600,000","58,800,000","56,500,000","52,700,000","52,100,000","50,700,000","50,600,000","46,100,000","42,900,000","44,900,000","45,100,000","44,200,000","41,200,000","35,100,000","31,900,000","37,600,000","14,700,000","39,000,000","32,100,000","28,900,000","-9,200,000","-263,000,000","36,600,000","38,000,000","31,900,000","46,100,000","47,200,000","46,300,000","44,600,000","55,600,000","46,000,000","64,400,000","52,400,000","60,100,000","61,000,000","53,600,000","35,200,000","59,300,000","58,100,000","57,000,000","30,000,000","62,900,000","66,600,000","-74,600,000","49,200,000","66,100,000","64,300,000","56,800,000","12,500,000","50,700,000","55,200,000","37,400,000","44,300,000","55,900,000","57,900,000","38,800,000","-135,600,000","52,100,000","54,600,000","28,500,000","-37,300,000","110,400,000","71,700,000","43,300,000","-15,900,000","71,500,000","39,900,000","17,000,000","-4,100,000","8,600,000","10,100,000","6,900,000","10,000,000","1,900,000","1,100,000",,,,,,,"500,000","400,000","100,000","-500,000","900,000","1,300,000","-100,000","1,100,000","1,300,000","-1,600,000","700,000",,,"700,000",,,,,,,,,
NetIncomeCommonStockholders,"450,000,000","157,700,000","99,500,000","100,800,000","92,000,000","92,700,000","112,000,000","97,600,000","93,700,000","151,300,000","97,500,000","87,700,000","98,100,000","115,300,000","107,300,000","112,000,000","95,900,000","97,500,000","118,500,000","115,100,000","111,500,000","116,700,000","106,500,000","100,400,000","95,100,000","109,400,000","92,600,000","89,900,000","83,000,000","83,200,000","81,600,000","78,600,000","73,000,000","69,400,000","70,700,000","71,900,000","69,400,000","67,300,000","56,900,000","47,200,000","55,200,000","61,700,000","65,000,000","36,700,000","34,600,000","67,100,000","-1,412,700,000","51,800,000","50,700,000","51,700,000","72,100,000","77,300,000","77,600,000","75,200,000","81,800,000","72,700,000","87,200,000","75,300,000","129,300,000","194,800,000","97,000,000","161,800,000","92,400,000","92,100,000","87,300,000","79,100,000","108,800,000","106,300,000","185,000,000","79,400,000","106,700,000","103,800,000","91,700,000","6,900,000","79,200,000","86,300,000","59,900,000","73,700,000","93,100,000","100,800,000","62,300,000","-403,100,000","104,700,000","501,200,000","80,100,000","115,300,000","179,700,000","127,400,000","77,100,000","201,200,000","127,600,000","69,500,000","28,900,000","-97,500,000","16,000,000","17,200,000","11,200,000","15,200,000","3,200,000","1,900,000","2,900,000","3,300,000","3,300,000","3,300,000","1,600,000","-22,300,000","2,000,000","1,400,000","400,000","1,800,000","2,100,000","2,500,000","-20,400,000","1,600,000","1,900,000","-2,400,000","1,000,000",,,"1,000,000","100,000",,,,,,,,
	NetIncome,"450,000,000","157,700,000","99,500,000","100,800,000","92,000,000","92,700,000","112,000,000","97,600,000","93,700,000","151,300,000","97,500,000","87,700,000","98,100,000","115,300,000","107,300,000","112,000,000","95,900,000","97,500,000","118,500,000","115,100,000","111,500,000","116,700,000","106,500,000","100,400,000","95,100,000","109,400,000","92,600,000","89,900,000","83,000,000","83,200,000","81,600,000","78,600,000","73,000,000","69,400,000","70,700,000","71,900,000","69,400,000","67,300,000","56,900,000","47,200,000","55,200,000","61,700,000","65,000,000","36,700,000","34,600,000","67,100,000","-1,412,700,000","51,800,000","50,700,000","51,700,000","72,100,000","77,300,000","77,600,000","75,200,000","81,800,000","72,700,000","87,200,000","75,300,000","129,300,000","194,800,000","97,000,000","161,800,000","92,400,000","92,100,000","87,300,000","79,100,000","108,800,000","106,300,000","185,000,000","79,400,000","106,700,000","103,800,000","91,700,000","6,900,000","79,200,000","86,300,000","59,900,000","73,700,000","93,100,000","100,800,000","62,300,000","-403,100,000","104,700,000","501,200,000","80,100,000","115,300,000","179,700,000","127,400,000","77,100,000","201,200,000","127,600,000","69,500,000","28,900,000","-97,500,000","16,000,000","17,200,000","11,200,000","15,200,000","3,200,000","1,900,000","2,900,000","3,300,000","3,300,000","3,300,000","1,600,000","-22,300,000","2,000,000","1,400,000","400,000","1,800,000","2,100,000","2,500,000","-20,400,000","1,600,000","1,900,000","-2,400,000","1,000,000",,,"1,000,000","100,000",,,,,,,,
		NetIncomeIncludingNoncontrollingInterests,"450,000,000","157,700,000","99,500,000","100,800,000","92,000,000","92,700,000","112,000,000","97,600,000","93,700,000","151,300,000","97,500,000","87,700,000","98,100,000","115,300,000","107,300,000","112,000,000","95,900,000","97,500,000","118,500,000","115,100,000","111,500,000","116,700,000","106,500,000","100,400,000","95,100,000","109,400,000","92,600,000","89,900,000","83,000,000","83,200,000","81,600,000","78,600,000","73,000,000","69,400,000","70,700,000","71,900,000","69,400,000","67,300,000","56,900,000","47,200,000","55,200,000","61,700,000","65,000,000","36,700,000","34,600,000","67,100,000","-1,412,700,000","51,800,000","50,700,000","51,700,000","72,100,000","77,300,000","77,600,000","75,200,000","81,800,000","72,700,000","87,200,000","75,300,000","129,300,000","194,800,000","97,000,000","161,800,000","92,400,000","92,100,000","87,300,000","79,100,000","108,800,000","106,300,000","185,000,000","79,400,000","106,700,000","103,800,000","91,700,000","6,900,000","79,200,000","86,300,000","59,900,000","73,700,000","93,100,000","100,800,000","62,300,000","-403,100,000","104,700,000","501,200,000","80,100,000","98,600,000","196,400,000","127,400,000","77,100,000","201,200,000","127,600,000","69,500,000","28,900,000","-97,500,000","16,000,000","17,200,000","11,200,000","15,200,000","3,200,000","1,900,000","2,900,000","3,300,000","3,300,000","3,300,000","1,600,000","-22,300,000","2,000,000","1,400,000","400,000","1,800,000","2,100,000","2,500,000","-20,400,000","1,600,000","1,900,000","-2,400,000","1,000,000","-200,000","900,000","1,000,000","100,000","-100,000","-100,000","-100,000","-100,000","-400,000","-300,000","-300,000","-300,000"
			NetIncomeContinuousOperations,"450,800,000","157,700,000","100,000,000","101,000,000","92,100,000","92,900,000","112,300,000","97,400,000","93,300,000","151,500,000","97,600,000","87,700,000","98,200,000","115,600,000","107,800,000","112,100,000","96,200,000","97,800,000","119,000,000","115,200,000","111,700,000","116,900,000","106,700,000","100,700,000","95,500,000","109,700,000","92,800,000","90,100,000","83,200,000","82,900,000","81,900,000","79,000,000","73,500,000","69,900,000","70,700,000","73,300,000","70,300,000","68,100,000","58,500,000","49,900,000","58,400,000","62,400,000","64,800,000","54,800,000","48,600,000","70,700,000","-1,404,900,000","52,600,000","55,700,000","49,700,000","76,500,000","79,300,000","82,900,000","74,400,000","85,400,000","73,700,000","97,800,000","80,300,000","120,100,000","105,800,000","88,300,000","117,500,000","95,000,000","95,600,000","87,300,000","79,100,000","108,800,000","106,300,000","211,900,000","79,400,000","106,700,000","103,800,000","91,700,000","19,600,000","79,200,000","86,300,000","59,900,000","73,700,000","93,100,000","96,600,000","64,700,000","-279,600,000","92,600,000","97,100,000","50,700,000","-49,600,000","179,700,000","127,400,000","77,100,000","-28,800,000","124,400,000","69,500,000","28,900,000","-65,900,000","16,000,000","17,200,000","11,200,000","16,000,000","3,200,000","1,900,000","2,400,000","400,000","3,300,000","3,300,000","1,600,000","-22,300,000","2,000,000","1,400,000","400,000","1,800,000","2,100,000","2,500,000","-200,000","1,600,000","1,900,000","-2,400,000","1,000,000","-200,000","900,000","1,000,000","100,000","-100,000","-100,000","-100,000","-100,000","-200,000","-100,000","-100,000","-100,000"
			NetIncomeDiscontinuousOperations,"-800,000","0","-500,000","-200,000","-100,000","-200,000","-300,000","200,000","400,000","-200,000","-100,000","0","-100,000","-300,000","-500,000","-100,000","-300,000","-300,000","-500,000","-100,000","-200,000","-200,000","-200,000","-300,000","-400,000","-300,000","-200,000","-200,000","-200,000","300,000","-300,000","-400,000","-500,000","-500,000","0","-1,400,000","-900,000","-800,000","-1,600,000","-2,700,000","-3,200,000","-700,000","200,000","-18,100,000","-14,000,000","-3,600,000","-7,800,000","-800,000","-5,000,000","2,000,000","-4,400,000","-2,000,000","-5,300,000","800,000","-3,600,000","-1,000,000","-10,600,000","-5,000,000","9,200,000","89,000,000","8,700,000","44,300,000","-2,600,000","-3,500,000",,"0",,,"-12,300,000",,,,,,,,,"11,300,000",,"4,200,000","-2,400,000","-95,600,000","18,500,000","404,100,000","29,400,000",,,,,"230,000,000","3,200,000",,,,,,,"-800,000",,,"500,000",,,,,,,,,"0",,,"-20,200,000",,,,,,,,,,,,,"-200,000","-200,000","-200,000","-200,000"
			NetIncomeExtraordinary,,,,,,,,,,,,,,,,,,,,,,,,,,,,,,,,,,,,,,,,,,,,,,,,,,,,,,,,,,,,,,,,,,"0",,,"-14,600,000",,,,,,,,,,,,,,,,,,,,,,,,,,,,,,,,,,,,,,,,,,,,,,,,,,,,,,,,,,,,
			NetIncomeFromTaxLossCarryforward,,,,,,,,,,,,,,,,,,,,,,,,,,,,,,,,,,,,,,,,,,,,,,,,,,,,,,,,,,,,,,,,,,,,,,,,,,,,,,,,,,"-27,900,000","-6,400,000",,,,,,,,,,,,,,,,,,,,,,,,,,,,,,,,,,,,,,,,,,,,,,
		MinorityInterests,,,,,,,,,,,,,,,,,,,,,,,,,,,,,,,,,,,,,,,,,,,,,,,,,,,,,,,,,,,,,,,,,,,,,,,,,,,,,,,,,,,,,,,"-16,700,000",,,,,,,,,,,,,,,,,,,,,,,,,,,,,,,,,,,,,,,,,,
DilutedNIAvailtoComStockholders,"450,000,000","157,700,000","99,500,000","100,800,000","92,000,000","92,700,000","112,000,000","97,600,000","93,700,000","151,300,000","97,500,000","87,700,000","98,100,000","115,300,000","107,300,000","112,000,000","95,900,000","97,500,000","118,500,000","115,100,000","111,500,000","116,700,000","106,500,000","100,400,000","95,100,000","109,400,000","92,600,000","89,900,000","83,000,000","83,200,000","81,600,000","78,600,000","73,000,000","69,400,000","70,700,000","71,900,000","69,400,000","67,300,000","56,900,000","47,200,000","55,200,000","61,700,000","65,000,000","36,700,000","34,600,000","67,100,000","-1,412,700,000","51,800,000","50,700,000","51,700,000","72,100,000","77,300,000","77,600,000","75,200,000","81,800,000","72,700,000","87,200,000","75,300,000","129,300,000","194,800,000","97,000,000","161,800,000","92,400,000","92,100,000","87,300,000","79,100,000","108,800,000","106,300,000","185,000,000","79,400,000","106,700,000","103,800,000","91,700,000","6,900,000","79,200,000","86,300,000","59,900,000","73,700,000","93,100,000","100,800,000","62,300,000","-403,100,000","104,700,000","501,200,000","80,100,000","115,300,000","179,700,000","127,400,000","77,100,000","201,200,000","127,600,000","69,500,000","28,900,000","-97,500,000","16,000,000","17,200,000","11,200,000","15,200,000","3,200,000","1,900,000","2,900,000","3,300,000","3,300,000","3,300,000","1,600,000","-22,300,000","2,000,000","1,400,000","400,000","1,800,000","2,100,000","2,500,000","-20,400,000","1,600,000","1,900,000","-2,400,000","1,000,000",,,"1,000,000","100,000",,,,,,,,
BasicEPS,,"1.739","1.101","1.118","1.02","1.022","1.24","1.08","1.02","1.652","1","0.87","0.968","1.146","1.05","1.09","0.9","0.88","1.05","1.01","0.98","1.03","0.91","0.84","0.797","0.905","0.76","0.74","0.684","0.688","0.67","0.65","0.56","0.511","0.5","0.49","0.47",,"0.385","0.29","0.325",,"0.36","0.205","0.2",,"-7.99","0.29","0.28",,"0.37","0.37","0.37",,"0.39","0.33","0.33",,"0.49","0.74","0.37",,"0.35","0.34","0.32",,"0.4","0.38","0.64",,"0.34","0.32","0.29",,"0.24","0.26","0.17",,"0.26","0.28","0.17",,"0.25","1.13","0.18",,"0.38","0.28","0.18",,"0.31","0.18","0.09",,"0.14","0.1","0.06",,"0.015","0.015","0.03",,"0.06","0.06","0.03",,"0.04","0.03","0.01",,"0.04","0.05","-0.42",,"0.05","-0.07","0.05",,"0.04","0.08","0.03",,"-0.03","-0.03","-0.03",,"-0.1","-0.1","-0.1"
DilutedEPS,,"1.739","1.1","1.118","1.01","1.02","1.23","1.07","1.01","1.64","1","0.86","0.968","1.14","1.05","1.08","0.89","0.87","1.04","1","0.97","1.02","0.9","0.83","0.78","0.89","0.75","0.73","0.67","0.67","0.66","0.64","0.55","0.49","0.48","0.48","0.46",,"0.38","0.29","0.32",,"0.36","0.205","0.2",,"-7.99","0.29","0.28",,"0.37","0.37","0.37",,"0.38","0.32","0.33",,"0.48","0.73","0.36",,"0.34","0.34","0.32",,"0.38","0.37","0.63",,"0.33","0.32","0.28",,"0.24","0.26","0.17",,"0.26","0.28","0.17",,"0.24","1.11","0.17",,"0.38","0.27","0.17",,"0.29","0.17","0.09",,"0.12","0.09","0.06",,"0.015","0.015","0.03",,"0.06","0.06","0.03",,"0.04","0.03","0.01",,"0.04","0.05","-0.42",,"0.05","-0.07","0.05",,"0.04","0.07","0.03",,"-0.03","-0.03","-0.03",,"-0.1","-0.1","-0.1"
BasicAverageShares,,"90,700,000","90,400,000","90,200,000","90,500,000","90,700,000","90,400,000","90,700,000","92,100,000","91,559,851","97,300,000","101,200,000","101,292,832","100,652,209","101,900,000","102,900,000","106,700,000","110,804,058","112,400,000","113,800,000","113,600,000","113,313,240","117,000,000","119,100,000","119,361,316","120,915,396","121,500,000","121,400,000","121,325,703","120,856,569","121,200,000","121,700,000","130,300,000","135,800,000","141,440,263","147,400,000","149,100,000",,"147,972,021","161,900,000","169,853,517",,"178,100,000","178,800,000","176,800,000",,"176,700,000","178,000,000","180,000,000",,"196,100,000","206,800,000","208,100,000",,"210,900,000","220,400,000","262,800,000",,"261,600,000","262,300,000","264,500,000",,"265,600,000","267,200,000","269,300,000",,"275,400,000","279,200,000","290,400,000",,"317,700,000","320,500,000","321,400,000",,"331,200,000","334,700,000","343,800,000",,"361,300,000","361,100,000","367,300,000",,"418,800,000","443,539,823","445,000,000",,"472,894,737","455,000,000","428,333,333",,"411,612,903","386,111,111","321,111,111",,"177,500,000","172,000,000","186,666,667",,"58,021,000","54,368,000","54,292,000",,"55,000,000","55,000,000","53,333,333",,"50,000,000","46,666,667","40,000,000",,"52,500,000","20,428,000","20,428,000",,"28,000,000","20,000,000","20,000,000",,"17,468,000","5,404,000","5,404,000",,"3,772,000","3,772,000","3,772,000",,"3,542,000","3,542,000","3,542,000"
DilutedAverageShares,,"90,700,000","90,454,545","90,200,000","90,700,000","90,882,353","90,800,000","91,200,000","92,700,000","92,300,000","97,700,000","101,500,000","101,600,000","101,500,000","102,600,000","103,600,000","107,400,000","112,000,000","113,600,000","115,100,000","115,100,000","114,900,000","118,500,000","120,800,000","121,300,000","123,300,000","123,500,000","123,300,000","123,000,000","123,800,000","123,400,000","123,700,000","132,300,000","140,600,000","147,000,000","150,000,000","151,800,000",,"149,600,000","163,200,000","171,700,000",,"179,200,000","178,800,000","177,000,000",,"176,700,000","178,700,000","180,600,000",,"197,500,000","208,600,000","210,700,000",,"215,000,000","225,200,000","267,400,000",,"267,200,000","267,800,000","270,300,000",,"270,600,000","273,200,000","275,700,000",,"286,600,000","285,200,000","294,200,000",,"321,900,000","328,800,000","325,900,000",,"333,400,000","337,000,000","344,300,000",,"361,300,000","361,300,000","367,500,000",,"436,250,000","451,531,532","471,176,471",,"472,894,737","471,851,852","453,529,412",,"440,000,000","408,823,529","321,111,111",,"189,333,333","191,111,111","186,666,667",,"58,021,000","54,368,000","54,292,000",,"55,000,000","55,000,000","53,333,333",,"50,000,000","46,666,667","40,000,000",,"52,500,000","20,428,000","20,428,000",,"28,000,000","20,000,000","20,000,000",,"17,468,000","5,404,000","5,404,000",,"3,772,000","3,772,000","3,772,000",,"3,542,000","3,542,000","3,542,000"
TotalOperatingIncomeAsReported,"823,600,000","235,800,000","193,500,000","203,500,000","190,800,000","197,300,000","203,600,000","191,200,000","185,800,000","229,300,000","211,200,000","196,200,000","206,700,000","236,600,000","219,000,000","226,500,000","207,400,000","200,400,000","235,700,000","222,100,000","214,900,000","226,500,000","207,400,000","197,800,000","189,100,000","202,800,000","187,200,000","180,900,000","169,400,000","168,700,000",,,,,,,,,,,,,,,,,,,,,,,,,,,,,,,,,,,,,,,,,,,,,,,,,,,,,,,,,,,,,,,,,,,,,,,,,,,,,,,,,,,,,,,,,,,,,,,,,,,
TotalExpenses,"20,502,500,000","5,313,100,000","5,267,700,000","5,130,700,000","4,791,000,000","5,214,400,000","5,145,600,000","5,192,700,000","5,074,100,000","5,454,200,000","5,221,200,000","5,083,100,000","4,932,700,000","5,243,900,000","5,348,500,000","5,214,900,000","4,912,200,000","5,124,000,000","5,118,000,000","5,002,200,000","4,729,300,000","4,821,300,000","4,701,600,000","4,590,700,000","4,174,400,000","4,321,100,000","4,283,600,000","4,245,600,000","3,927,000,000","4,005,400,000","3,769,900,000","3,735,900,000","3,508,100,000","3,534,900,000","3,362,400,000","3,191,600,000","3,173,300,000","3,111,500,000","3,153,000,000","2,983,100,000","2,732,500,000","2,720,000,000","2,797,100,000","2,505,800,000","2,384,300,000","903,200,000","5,181,100,000","3,778,500,000","3,852,300,000","4,055,400,000","4,415,500,000","4,374,500,000","4,207,900,000","4,243,800,000","4,757,500,000","4,797,600,000","4,470,800,000","4,282,600,000","4,976,700,000","4,828,800,000","4,421,100,000","4,477,500,000","4,902,300,000","4,793,800,000","4,616,000,000","4,465,100,000","4,340,550,000","4,861,700,000","4,289,100,000","4,307,800,000","5,013,000,000","4,836,300,000","4,593,600,000","5,215,700,000","4,845,100,000","4,749,100,000","4,734,100,000","4,569,700,000","5,136,000,000","5,178,000,000","5,103,900,000","5,008,000,000","5,318,300,000","4,914,700,000","5,269,800,000","3,560,500,000","4,564,100,000","4,162,600,000","3,295,800,000","2,895,900,000","2,928,900,000","2,274,300,000","1,464,000,000","1,955,400,000","137,700,000","114,200,000","83,300,000","169,600,000","24,600,000","12,900,000","11,000,000","-22,000,000","20,600,000","21,600,000","19,000,000","22,000,000","24,700,000","24,300,000","23,500,000","27,900,000","23,500,000","25,100,000","23,500,000","12,500,000","11,000,000","8,300,000","9,300,000",,,"8,000,000","800,000",,,,,,,,
NetIncomeFromContinuingAndDiscontinuedOperation,"450,000,000","157,700,000","99,500,000","100,800,000","92,000,000","92,700,000","112,000,000","97,600,000","93,700,000","151,300,000","97,500,000","87,700,000","98,100,000","115,300,000","107,300,000","112,000,000","95,900,000","97,500,000","118,500,000","115,100,000","111,500,000","116,700,000","106,500,000","100,400,000","95,100,000","109,400,000","92,600,000","89,900,000","83,000,000","83,200,000","81,600,000","78,600,000","73,000,000","69,400,000","70,700,000","71,900,000","69,400,000","67,300,000","56,900,000","47,200,000","55,200,000","61,700,000","65,000,000","36,700,000","34,600,000","67,100,000","-1,412,700,000","51,800,000","50,700,000","51,700,000","72,100,000","77,300,000","77,600,000","75,200,000","81,800,000","72,700,000","87,200,000","75,300,000","129,300,000","194,800,000","97,000,000","161,800,000","92,400,000","92,100,000","87,300,000","79,100,000","108,800,000","106,300,000","199,600,000","79,400,000","106,700,000","103,800,000","91,700,000","6,900,000","79,200,000","86,300,000","59,900,000","85,000,000","93,100,000","100,800,000","62,300,000","-375,200,000","111,100,000","501,200,000","80,100,000","115,300,000","179,700,000","127,400,000","77,100,000","201,200,000","127,600,000","69,500,000","28,900,000","-65,900,000","16,000,000","17,200,000","11,200,000","15,200,000","3,200,000","1,900,000","2,900,000","3,100,000","3,300,000","3,300,000","1,600,000","-22,300,000","2,000,000","1,400,000","400,000","1,800,000","2,100,000","2,500,000","-20,400,000","1,600,000","1,900,000","-2,400,000","1,000,000",,,"1,000,000","100,000",,,,,,,,
NormalizedIncome,"457,865,600","157,700,000","100,000,000","108,017,600","92,100,000","92,900,000","112,300,000","103,491,200","93,300,000","151,500,000","97,600,000","87,700,000","98,200,000","115,600,000","107,800,000","112,100,000","96,200,000","97,800,000","119,000,000","115,200,000","111,700,000","116,900,000","106,700,000","100,700,000","95,500,000","109,700,000","92,800,000","90,100,000","83,200,000","84,435,185.185","80,479,411.765","82,535,493.827","73,622,909.699","71,449,202.128","72,167,820.069","73,176,182.432","67,905,502.183","66,480,054.895","58,937,500","50,083,007.335","58,521,666.667","61,266,926.07","63,114,450.867","53,160,414.269","41,137,548.387","44,245,000","64,437,226.452","52,015,000","57,065,000","50,735,416.667","77,123,980.424","79,801,501.976","82,771,671.827","72,399,327.731","84,854,893.617","73,330,576.441","97,800,000","80,239,487.566","120,966,426.193","104,911,990.408","88,984,496.124","120,885,723.641","96,785,482.826","95,351,203.643","88,691,476.091","87,727,772.686","109,560,396.04","102,488,201.272","209,680,000","72,670,139.969","102,809,895.833","103,738,251.041","91,947,003.367","73,393,146.417","79,626,789.838","80,932,932.862","59,961,562.179","43,845,254.237","89,663,422.819","97,537,864.078","73,826,763.285","2,558,959.538","91,512,093.988","92,811,470.007","47,307,196.97","-52,180,000","175,673,629.783","127,591,963.837","77,740,365.449","18,813,422.819","121,415,416.029","61,876,599.634","23,107,407.407","-41,705,285.714","11,382,113.821","14,931,868.132","9,714,917.127","13,476,923.077","2,258,823.529","1,836,666.667","2,400,000","460,000","3,300,000","3,240,000","1,540,000","-7,420,000","1,920,000","1,322,222.222","320,000","1,920,000","1,820,000","1,710,526.316","933,333.333","1,480,000","1,840,000","720,000","1,000,000",,,"760,000","100,000",,,,,,,,
InterestIncome,"500,000","100,000","100,000","100,000","200,000","300,000","300,000","300,000","200,000","200,000","200,000","200,000","400,000","300,000","300,000","400,000","100,000","0","0","0","100,000","0","100,000","100,000","0","0","100,000","0","100,000","100,000","0","100,000","100,000","100,000","0","300,000","300,000","600,000","300,000","300,000","200,000","200,000","300,000","300,000","300,000",,,,,,,,,,,,,,,,,,,,,,,,,,,,,,,,,,,,,,,,,,,,,,,,,,,,,,,,,,,,,,,,,,,,,,,,,,,,,,,,,,,,
InterestExpense,"245,100,000","54,100,000","59,100,000","65,100,000","66,800,000","66,000,000","61,100,000","62,100,000","60,600,000","58,500,000","55,100,000","53,300,000","50,300,000","49,700,000","47,100,000","48,000,000","47,200,000","42,700,000","36,100,000","35,800,000","34,600,000","35,800,000","34,800,000","34,600,000","34,800,000","35,900,000","35,000,000","35,600,000","35,200,000","34,300,000","33,600,000","33,300,000","31,200,000","28,300,000","26,100,000","26,800,000","27,500,000","28,600,000","26,900,000","24,500,000","18,700,000","19,500,000","17,800,000","19,800,000","21,900,000",,,,,,,,,,,,,,,,,,,,,,,,,,,,,,,,,,,,,,,,,,,,,,,,,,,,,,,,,,,,,,,,,,,,,,,,,,,,,,,,,,,,
NetInterestIncome,"-244,600,000","-54,000,000","-59,000,000","-65,000,000","-66,600,000","-65,700,000","-60,800,000","-61,800,000","-60,400,000","-58,300,000","-54,900,000","-53,100,000","-49,900,000","-49,400,000","-46,800,000","-47,600,000","-47,100,000","-42,700,000","-36,100,000","-35,800,000","-34,500,000","-35,800,000","-34,700,000","-34,500,000","-34,800,000","-35,900,000","-34,900,000","-35,600,000","-35,100,000","-34,200,000","-33,600,000","-33,200,000","-31,100,000","-28,200,000","-26,100,000","-26,500,000","-27,200,000","-28,000,000","-26,600,000","-24,200,000","-18,500,000","-19,300,000","-17,500,000","-19,500,000","-21,600,000",,,,,,,,,,,,,,,,,,,,,,,,,,,,,,,,,,,,,,,,,,,,,,,,,,,,,,,,,,,,,,,,,,,,,,,,,,,,,,,,,,,,
EBIT,"857,700,000","265,300,000","196,200,000","203,300,000","192,900,000","194,500,000","206,200,000","191,700,000","186,800,000","232,400,000","213,000,000","198,200,000","210,100,000","237,200,000","221,900,000","231,100,000","204,100,000","201,800,000","231,400,000","222,600,000","216,100,000","224,300,000","208,600,000","198,800,000","190,600,000","206,200,000","186,600,000","182,200,000","171,100,000","169,300,000","166,200,000","162,900,000","150,800,000","141,100,000","141,700,000","145,200,000","142,000,000","137,900,000","120,500,000","106,300,000","114,700,000","96,600,000","121,600,000","106,700,000","99,400,000","113,500,000","-1,637,700,000","131,100,000","147,100,000","147,700,000","186,300,000","184,800,000","187,400,000","177,200,000","204,000,000","213,200,000","203,200,000","177,900,000","219,700,000","209,600,000","199,200,000","194,500,000","195,100,000","195,100,000","181,000,000","130,700,000","916,850,000","206,900,000","170,200,000","210,700,000","180,700,000","179,300,000","157,100,000","-67,000,000","166,400,000","193,000,000","152,900,000","132,100,000","202,100,000","161,500,000","126,300,000","11,800,000","141,400,000","154,900,000","83,900,000","-104,100,000","304,500,000","210,700,000","124,100,000","32,300,000","194,700,000","103,300,000","40,000,000","-13,300,000","18,000,000","24,500,000","16,300,000","26,500,000","3,900,000","3,300,000","2,800,000","400,000","3,600,000","3,600,000","2,100,000","2,200,000","2,900,000","2,200,000","1,000,000","2,000,000","3,000,000","3,100,000","1,900,000","3,200,000","3,500,000","1,700,000","2,100,000","-25,800,000","16,000,000","1,400,000","100,000","-800,000","100,000","100,000","100,000","-700,000","200,000","100,000","100,000"
EBITDA,"1,038,200,000"
ReconciledCostOfRevenue,"17,812,700,000","4,653,300,000","4,573,800,000","4,453,000,000","4,132,600,000","4,563,800,000","4,493,900,000","4,540,200,000","4,417,600,000","4,816,300,000","4,586,500,000","4,453,200,000","4,319,600,000","4,671,400,000","4,731,100,000","4,599,600,000","4,293,700,000","4,527,600,000","4,523,400,000","4,405,200,000","4,144,300,000","4,264,300,000","4,156,100,000","4,043,600,000","3,656,100,000","3,820,700,000","3,774,200,000","3,730,400,000","3,432,400,000","3,540,700,000","3,311,200,000","3,276,500,000","3,054,000,000","3,099,200,000","2,931,300,000","2,752,900,000","2,744,900,000","2,701,700,000","2,728,500,000","2,578,800,000","2,337,000,000","2,337,700,000","2,400,600,000","2,133,900,000","2,002,500,000","2,248,200,000","2,950,400,000","3,261,400,000","3,329,500,000","3,532,200,000","3,873,300,000","3,832,900,000","3,661,300,000","3,717,000,000","4,178,600,000","4,209,100,000","3,901,400,000","3,734,500,000","4,386,900,000","4,251,800,000","3,861,500,000","3,939,400,000","4,328,800,000","4,217,200,000","4,043,200,000","3,901,200,000","4,466,400,000","4,295,000,000","3,749,700,000","3,767,000,000","4,428,400,000","4,263,800,000","4,027,800,000","4,525,300,000","4,251,200,000","4,186,800,000","4,149,200,000","3,982,800,000","4,560,700,000","4,600,600,000","4,520,000,000","4,339,500,000","4,677,700,000","4,988,600,000","4,321,400,000","2,885,900,000","3,659,600,000","3,348,800,000","2,586,600,000","2,456,000,000","2,094,000,000","1,719,800,000","1,031,500,000","422,700,000","102,500,000","81,700,000","58,300,000","111,400,000","17,400,000","9,400,000","7,400,000","-15,800,000","14,000,000","15,300,000","12,500,000","14,700,000","17,300,000","17,400,000","16,200,000","20,800,000","16,900,000","18,100,000","16,400,000","9,200,000","7,800,000","5,800,000","5,600,000",,,"5,300,000","500,000",,,,,,,,
ReconciledDepreciation,"180,500,000","46,800,000","45,200,000","44,400,000","44,100,000","42,200,000","42,900,000","41,100,000","40,000,000","40,600,000","41,400,000","39,300,000","37,300,000","36,400,000","36,300,000","35,900,000","34,800,000","33,700,000","32,900,000","32,100,000","28,700,000","27,900,000","27,200,000","26,200,000","25,600,000","25,200,000","24,100,000","23,300,000","22,700,000","22,400,000","22,900,000","20,800,000","21,200,000","21,000,000","20,900,000","21,100,000","20,700,000","19,600,000","18,700,000","19,600,000","18,900,000","19,000,000","19,500,000","18,300,000","20,700,000","19,700,000","23,800,000","23,100,000","24,200,000","27,500,000","24,000,000","22,300,000","22,200,000","21,900,000","21,700,000","22,200,000","20,800,000","22,500,000","21,800,000","21,800,000","22,300,000","26,400,000","20,800,000","21,600,000","20,900,000","19,800,000","19,400,000","18,800,000","19,000,000","18,600,000","19,700,000","18,900,000","17,500,000","43,000,000","39,400,000","36,800,000","35,600,000","32,700,000","35,000,000","33,000,000","33,100,000","35,100,000","32,000,000","-208,600,000","264,500,000","197,000,000","311,400,000","288,600,000","254,600,000","49,900,000","497,900,000","252,700,000","203,100,000","512,600,000","11,100,000","10,100,000","6,700,000","16,200,000","2,000,000","1,400,000","1,400,000","-500,000","1,800,000","1,700,000","1,700,000","2,100,000","1,700,000","1,400,000","1,500,000","1,100,000","1,000,000","1,600,000","1,500,000","800,000","900,000","100,000","900,000",,,,,,,,,,,,
NetIncomeFromContinuingOperationNetMinorityInterest,"450,800,000","157,700,000","100,000,000","101,000,000","92,100,000","92,900,000","112,300,000","97,400,000","93,300,000","151,500,000","97,600,000","87,700,000","98,200,000","115,600,000","107,800,000","112,100,000","96,200,000","97,800,000","119,000,000","115,200,000","111,700,000","116,900,000","106,700,000","100,700,000","95,500,000","109,700,000","92,800,000","90,100,000","83,200,000","82,900,000","81,900,000","79,000,000","73,500,000","69,900,000","70,700,000","73,300,000","70,300,000","68,100,000","58,500,000","49,900,000","58,400,000","62,400,000","64,800,000","54,800,000","48,600,000","70,700,000","-1,404,900,000","52,600,000","55,700,000","49,700,000","76,500,000","79,300,000","82,900,000","74,400,000","85,400,000","73,700,000","97,800,000","80,300,000","120,100,000","105,800,000","88,300,000","117,500,000","95,000,000","95,600,000","87,300,000","79,100,000","108,800,000","106,300,000","211,900,000","79,400,000","106,700,000","103,800,000","91,700,000","19,600,000","79,200,000","86,300,000","59,900,000","73,700,000","93,100,000","96,600,000","64,700,000","-279,600,000","92,600,000","97,100,000","50,700,000","-49,600,000","179,700,000","127,400,000","77,100,000","-28,800,000","124,400,000","69,500,000","28,900,000","-65,900,000","16,000,000","17,200,000","11,200,000","16,000,000","3,200,000","1,900,000","2,400,000","400,000","3,300,000","3,300,000","1,600,000","-22,300,000","2,000,000","1,400,000","400,000","1,800,000","2,100,000","2,500,000","-200,000","1,600,000","1,900,000","-2,400,000","1,000,000",,,"1,000,000","100,000",,,,,,,,
TotalUnusualItemsExcludingGoodwill,"-9,600,000","0","0","-9,600,000",,"0","0","-8,100,000",,,,,,"0",,,,"-15,400,000",,,,"-1,600,000",,,,"0","0","0",,"-2,500,000","2,300,000","-5,800,000","-200,000","-2,500,000","-2,400,000","200,000","3,900,000","2,600,000","-700,000","-300,000","-200,000","1,400,000","2,700,000","2,600,000","11,900,000","40,700,000","-1,744,400,000","900,000","-2,100,000","-1,700,000","-1,000,000","-800,000","200,000","3,200,000","900,000","600,000",,"100,000","-1,300,000","1,400,000","-1,100,000","-4,400,000","-2,900,000","400,000","-2,300,000","-11,900,000","-1,200,000","6,200,000","3,700,000","10,900,000","6,300,000","100,000","-400,000","-88,100,000","-700,000","8,800,000","-100,000","47,800,000","5,500,000","-1,500,000","-14,600,000","-419,000,000","1,700,000","6,700,000","5,300,000","4,300,000","6,500,000","-300,000","-1,000,000","-73,900,000","4,700,000","12,000,000","9,200,000","-25,700,000","7,100,000","3,600,000","2,400,000","4,100,000","1,500,000","100,000",,"-100,000",,"100,000","100,000","-24,800,000","100,000","100,000","100,000","-200,000","400,000","1,200,000","-1,700,000","200,000","100,000","-5,200,000",,,,"400,000",,,,,,,,,
TotalUnusualItems,"-9,600,000","0","0","-9,600,000",,"0","0","-8,100,000",,,,,,"0",,,,"-15,400,000",,,,"-1,600,000",,,,"0","0","0",,"-2,500,000","2,300,000","-5,800,000","-200,000","-2,500,000","-2,400,000","200,000","3,900,000","2,600,000","-700,000","-300,000","-200,000","1,400,000","2,700,000","2,600,000","11,900,000","40,700,000","-1,744,400,000","900,000","-2,100,000","-1,700,000","-1,000,000","-800,000","200,000","3,200,000","900,000","600,000",,"100,000","-1,300,000","1,400,000","-1,100,000","-4,400,000","-2,900,000","400,000","-2,300,000","-11,900,000","-1,200,000","6,200,000","3,700,000","10,900,000","6,300,000","100,000","-400,000","-88,100,000","-700,000","8,800,000","-100,000","47,800,000","5,500,000","-1,500,000","-14,600,000","-419,000,000","1,700,000","6,700,000","5,300,000","4,300,000","6,500,000","-300,000","-1,000,000","-73,900,000","4,700,000","12,000,000","9,200,000","-25,700,000","7,100,000","3,600,000","2,400,000","4,100,000","1,500,000","100,000",,"-100,000",,"100,000","100,000","-24,800,000","100,000","100,000","100,000","-200,000","400,000","1,200,000","-1,700,000","200,000","100,000","-5,200,000",,,,"400,000",,,,,,,,,
NormalizedEBITDA,"1,047,800,000","312,100,000","241,400,000","257,300,000","237,000,000","236,700,000","249,100,000","240,900,000","226,800,000","273,000,000","254,400,000","237,500,000","247,400,000","273,600,000","258,200,000","267,000,000","238,900,000","235,500,000","264,300,000","254,700,000","244,800,000","252,200,000","235,800,000","225,000,000","216,200,000","231,400,000","210,700,000","205,500,000","193,800,000","194,200,000","186,800,000","189,500,000","172,200,000","164,600,000","165,000,000","166,100,000","158,800,000","154,900,000","139,900,000","126,200,000","133,800,000","114,200,000","138,400,000","123,200,000","108,200,000","95,200,000","130,500,000","153,300,000","173,400,000","176,900,000","211,300,000","207,900,000","209,400,000","195,900,000","224,800,000","234,800,000","224,000,000","200,300,000","242,800,000","230,000,000","222,600,000","225,300,000","218,800,000","216,300,000","204,200,000","162,400,000","937,450,000","219,500,000","185,500,000","218,400,000","194,100,000","198,100,000","175,000,000","64,100,000","206,500,000","221,000,000","188,600,000","117,000,000","231,600,000","196,000,000","174,000,000","465,900,000","171,700,000","356,800,000","343,100,000","88,600,000","609,400,000","499,600,000","379,700,000","156,100,000","687,900,000","344,000,000","233,900,000","525,000,000","22,000,000","31,000,000","20,600,000","38,600,000","4,400,000","4,600,000","4,200,000","0","5,400,000","5,200,000","3,700,000","29,100,000","4,500,000","3,500,000","2,400,000","3,300,000","4,000,000","3,500,000","5,100,000","3,800,000","4,300,000","7,000,000","3,000,000","-25,800,000","16,000,000","1,000,000","100,000","-800,000","100,000","100,000","100,000","-700,000","200,000","100,000","100,000"
TaxRateForCalcs,"0.264","0.253","0.271","0.269","0.27","0.277","0.226","0.248","0.261","0.129","0.382","0.395","0.385","0.383","0.383","0.388","0.387","0.385","0.391","0.383","0.385","0.38","0.386","0.387","0.387","0.356","0.388","0.385","0.388","0.386","0.382","0.39","0.385","0.38","0.388","0.381","0.386","0.377","0.375","0.39","0.392","0.191","0.376","0.369","0.373","0.35","0.158","0.35","0.35","0.391","0.376","0.373","0.358","0.375","0.394","0.384","0.397","0.395","0.334","0.366","0.378","0.231","0.384","0.378","0.395","0.275","0.366","0.385","0.4","0.383","0.383","0.383","0.382","0.389","0.39","0.39","0.384","0.375","0.375","0.375","0.375","0.327","0.36","0.36","0.36","0.4","0.381","0.36","0.36","0.356","0.365","0.365","0.37","0.059","0.35","0.37","0.381","0.385","0.373","0.367","0.4","0.4","0.4","0.4","0.4","0.4","0.2","0.222","0.2","0.4","0.3","0.342","0.333","0.4","0.4","0.4","0.4",,,"0.4","0.4",,,,,,,,
TaxEffectOfUnusualItems,"-2,534,400","0","0","-2,582,400","0","0","0","-2,008,800","0","0","0","0","0","0","0","0","0","0","0","0","0","0","0","0","0","0","0","0","0","-964,814.815","879,411.765","-2,264,506.173","-77,090.301","-950,797.872","-932,179.931","76,182.432","1,505,502.183","980,054.895","-262,500","-116,992.665","-78,333.333","266,926.07","1,014,450.867","960,414.269","4,437,548.387","14,245,000","-275,062,773.548","315,000","-735,000","-664,583.333","-376,019.576","-298,498.024","71,671.827","1,199,327.731","354,893.617","230,576.441","0","39,487.566","-433,573.807","511,990.408","-415,503.876","-1,014,276.359","-1,114,517.174","151,203.643","-908,523.909","-3,272,227.314","-439,603.96","2,388,201.272","1,480,000","4,170,139.969","2,409,895.833","38,251.041","-152,996.633","-34,306,853.583","-273,210.162","3,432,932.862","-38,437.821","17,945,254.237","2,063,422.819","-562,135.922","-5,473,236.715","-136,841,040.462","612,093.988","2,411,470.007","1,907,196.97","1,720,000","2,473,629.783","-108,036.163","-359,634.551","-26,286,577.181","1,715,416.029","4,376,599.634","3,407,407.407","-1,505,285.714","2,482,113.821","1,331,868.132","914,917.127","1,576,923.077","558,823.529","36,666.667","0","-40,000","0","40,000","40,000","-9,920,000","20,000","22,222.222","20,000","-80,000","120,000","410,526.316","-566,666.667","80,000","40,000","-2,080,000","0",,,"160,000","0",,,,,,,,