name,ttm,12/31/2019,09/30/2019,06/30/2019,03/31/2019,12/31/2018,09/30/2018,06/30/2018,03/31/2018,12/31/2017,09/30/2017,06/30/2017,03/31/2017,12/31/2016,09/30/2016,06/30/2016,03/31/2016,12/31/2015,09/30/2015,06/30/2015,03/31/2015,12/31/2014,09/30/2014,06/30/2014,03/31/2014,12/31/2013,09/30/2013,06/30/2013,03/31/2013,12/31/2012,09/30/2012,06/30/2012,03/31/2012,12/31/2011,09/30/2011,06/30/2011,03/31/2011,12/31/2010,09/30/2010,06/30/2010,03/31/2010,12/31/2009,09/30/2009,06/30/2009,03/31/2009,12/31/2008,09/30/2008,06/30/2008,03/31/2008,12/31/2007,09/30/2007,06/30/2007,03/31/2007,12/31/2006,09/30/2006,06/30/2006,03/31/2006,12/31/2005,09/30/2005,06/30/2005,03/31/2005,12/31/2004,09/30/2004,06/30/2004,03/31/2004,12/31/2003,09/30/2003,06/30/2003,03/31/2003,12/31/2002,09/30/2002,06/30/2002,03/31/2002,12/31/2001,09/30/2001,06/30/2001,03/31/2001,12/31/2000,09/30/2000,06/30/2000,03/31/2000,12/31/1999,09/30/1999,06/30/1999,03/31/1999,12/31/1998,09/30/1998,06/30/1998,03/31/1998,12/31/1997,09/30/1997,06/30/1997,03/31/1997,12/31/1996,09/30/1996,06/30/1996,03/31/1996,12/31/1995,09/30/1995,06/30/1995,03/31/1995,12/31/1994,09/30/1994,06/30/1994,03/31/1994,12/31/1993,09/30/1993,06/30/1993,03/31/1993,12/31/1992,09/30/1992,06/30/1992,03/31/1992,12/31/1991,09/30/1991,06/30/1991,03/31/1991,12/31/1990,09/30/1990,06/30/1990,03/31/1990,12/31/1989,09/30/1989,06/30/1989,03/31/1989,12/31/1988,09/30/1988,06/30/1988,03/31/1988,12/31/1987,09/30/1987,06/30/1987,03/31/1987,12/31/1986,09/30/1986,06/30/1986,03/31/1986,12/31/1985,09/30/1985
TotalRevenue,"4,070,143,000","1,057,273,000","932,500,000","956,677,000","1,123,693,000","518,700,000","1,052,236,000","952,071,000","803,375,000","924,360,000","872,750,000","834,093,000","779,797,000","839,391,000","823,142,000","800,448,000","764,970,000","843,523,000","699,859,000","717,506,000","756,567,000","777,198,000","746,170,000","754,786,000","772,436,000","815,001,000","785,504,000","773,660,000","745,045,000","753,355,000","760,068,000","730,962,000","742,675,000","774,808,000","733,344,000","762,414,000","765,105,000","783,359,000","790,456,000","750,569,000","752,286,000","789,645,000","780,347,000","727,790,000","651,997,000","512,744,000","550,629,000","731,189,000","726,436,000","727,519,000","774,201,000","821,716,000","750,948,000","844,107,000","762,410,000","759,097,000","748,817,000","795,409,000","752,484,000","735,439,000","762,142,000","601,791,000","766,472,000","781,417,000","729,656,000","757,967,000","671,173,000","635,100,000","620,500,000","524,124,000","580,571,000","551,723,000","584,926,000","553,960,000","545,597,000","581,327,000","447,443,000","423,542,000","474,894,000","453,554,000","485,540,000","482,552,000","438,641,000","445,260,000","543,100,000","435,700,000","430,500,000","439,900,000","446,600,000","455,000,000","429,700,000","435,400,000","429,100,000","417,000,000","397,700,000","380,400,000","377,400,000","404,800,000","363,600,000","354,400,000","350,300,000","362,100,000","360,100,000","353,600,000","320,300,000","327,100,000","320,300,000","350,800,000","341,600,000","349,400,000","335,800,000","321,300,000","318,900,000","304,600,000","311,400,000","287,100,000","297,000,000","297,600,000","282,100,000","264,400,000","259,600,000","240,500,000","269,500,000","268,900,000","255,600,000","194,000,000","252,500,000","248,700,000","239,400,000","230,100,000","218,600,000","232,000,000","220,700,000","210,200,000","205,600,000","216,100,000","202,100,000","199,000,000","193,700,000"
	OperatingRevenue,"4,070,143,000","1,057,273,000","932,500,000","956,677,000","1,123,693,000","518,700,000","1,052,236,000","952,071,000","803,375,000","924,360,000","872,750,000","834,093,000","779,797,000","839,391,000","823,142,000","800,448,000","764,970,000","843,523,000","699,859,000","717,506,000","756,567,000","777,198,000","746,170,000","754,786,000","772,436,000","815,001,000","785,504,000","773,660,000","745,045,000","753,355,000","760,068,000","730,962,000","742,675,000","774,808,000","733,344,000","762,414,000","765,105,000","783,359,000","790,456,000","750,569,000","752,286,000","789,645,000","780,347,000","727,790,000","651,997,000","512,744,000","550,629,000","731,189,000","726,436,000","727,519,000","774,201,000","821,716,000","750,948,000","844,107,000","762,410,000","759,097,000","748,817,000","795,409,000","752,484,000","735,439,000","762,142,000","601,791,000","766,472,000","781,417,000","729,656,000","757,967,000","671,173,000","635,100,000","620,500,000","524,124,000","580,571,000","551,723,000","584,926,000","553,960,000","545,597,000","581,327,000","447,443,000","423,542,000","474,894,000","453,554,000","485,540,000","482,552,000","438,641,000","445,260,000","543,100,000","435,700,000","430,500,000","439,900,000","446,600,000","455,000,000","429,700,000","435,400,000","429,100,000","417,000,000","397,700,000","380,400,000","377,400,000","404,800,000","363,600,000","354,400,000","350,300,000","362,100,000","360,100,000","353,600,000","320,300,000","327,100,000","320,300,000","350,800,000","341,600,000","349,400,000","335,800,000","321,300,000","318,900,000","304,600,000","311,400,000","287,100,000","297,000,000","297,600,000","282,100,000","264,400,000","259,600,000","240,500,000","269,500,000","268,900,000","255,600,000","194,000,000","252,500,000","248,700,000","239,400,000","230,100,000","218,600,000","232,000,000","220,700,000","210,200,000","205,600,000","216,100,000","202,100,000","199,000,000","193,700,000"
NetNonOperatingInterestIncomeExpense,,,,,,,,,,,,,,,,,,,,,,,,,,,,,,,,,,,,,,,,,,,,,,,,,,,"-72,662,000","-80,930,000","-74,095,000","-76,873,000","-74,768,000","-73,007,000","-72,903,000",,,,,,,,,,,,,,,,,,,,,,,,,,,,,,,,,,,,,,,,,,,,,,,,,,,,,,,,,,,,,,,,,,,,,,,,,,,,,,,,,,
	InterestExpenseNonOperating,,,,,,,,,,,,,,,,,,,,,,,,,,,,,,,,,,,,,,,,,,,,,,,,,,,"72,662,000","80,930,000","74,095,000","76,873,000","74,768,000","73,007,000","72,903,000",,,,,,,,,,,,,,,,,,,,,,,,,,,,,,,,,,,,,,,,,,,,,,,,,,,,,,,,,,,,,,,,,,,,,,,,,,,,,,,,,,
OtherIncomeExpense,"51,401,000","18,759,000","10,730,000","10,374,000","11,538,000","10,557,000","12,177,000","11,283,000","10,513,000","10,639,000","9,554,000","8,948,000","8,845,000","11,585,000","7,544,000","8,135,000","7,984,000","7,989,000","7,950,000","9,748,000","8,710,000","9,378,000","9,647,000","9,720,000","7,340,000","7,674,000","11,911,000","10,551,000","6,961,000","7,905,000","8,160,000","7,940,000","6,875,000","5,138,000","7,238,000","7,121,000","6,286,000","-133,895,000","49,226,000","55,689,000","52,885,000","-129,540,000","51,911,000","56,927,000","52,545,000","-121,355,000","55,369,000","53,286,000","51,481,000","-490,372,000","251,115,000","236,908,000","244,397,000","-602,987,000","263,534,000","232,003,000","263,918,000","-578,597,000","255,188,000","250,422,000","260,115,000","-538,647,000","231,728,000","256,622,000","229,732,000","-404,588,000","198,832,000","192,676,000","180,574,000","-325,899,000","168,997,000","145,120,000","179,889,000","159,320,000","158,481,000","213,282,000","155,921,000","110,203,000","172,661,000","164,129,000","201,834,000","201,311,000","162,710,000","155,314,000","259,600,000","156,600,000","158,500,000","169,700,000","179,200,000","187,200,000","169,300,000","172,700,000","179,200,000","172,600,000","158,800,000","145,200,000","144,000,000","178,000,000","134,700,000","129,200,000","128,300,000",,,"134,200,000","102,200,000","110,800,000","102,100,000","134,500,000","128,600,000","136,300,000","118,700,000","111,400,000","115,200,000","98,000,000","113,100,000","97,200,000","112,000,000","116,100,000","99,600,000","95,200,000","95,100,000",,"105,300,000","106,000,000","100,400,000",,,,,,,,,,,,,,
	SpecialIncomeCharges,,,,,,,,,,,,,,,,,,,,,,,,,,,,,,,,,,,,,,,,,,,,,,,"1,625,000","40,617,000","28,702,000",,,,,,,,,,,,,,,,,,,,,,,,,,,,,,,,,,,,,,,,,,,,,,,,,,,,,,,,,,,,,,,,,,,,,,,,,,,,,,,,,,,,,,,,,,
		RestructuringAndMergernAcquisition,,,,,,,,,,,,,,,,,,,,,,,,,,,,,,,,,,,,,,,,,,,,,,,"-1,625,000","-40,617,000","-28,702,000",,,,,,,,,,,,,,,,,,,,,,,,,,,,,,,,,,,,,,,,,,,,,,,,,,,,,,,,,,,,,,,,,,,,,,,,,,,,,,,,,,,,,,,,,,
PretaxIncome,"694,377,000","221,409,000","84,366,000","103,904,000","284,698,000","-164,168,000","183,267,000","101,275,000","20,784,000","142,026,000","90,567,000","33,901,000","42,763,000","87,667,000","47,722,000","40,280,000","23,508,000","81,262,000","46,660,000","49,407,000","91,359,000","93,581,000","94,775,000","65,922,000","74,468,000","95,248,000","120,864,000","84,210,000","62,148,000","100,349,000","89,385,000","18,640,000","63,371,000","77,752,000","75,093,000","38,134,000","62,732,000","52,810,000","79,634,000","30,542,000","42,669,000","41,810,000","35,067,000","-12,519,000","-76,780,000","-153,797,000","-187,930,000","-12,744,000","53,363,000","348,976,000","0","0","0","404,897,000","0","0","0","342,869,000","0","0","0","375,006,000","0","0","0","271,725,000","0","0","0","26,835,000","0","0","0","0","0","0","0","0","0","0","0","0","0","0","0","0","0","0","0","0","0","0","0","0","0","0","0","0","0","0","0",,,"0","0","0","0","0","0","0","0","0","0","0","0","0","0","0","0","0","0","0","0","0","0",,,,,,,,,,,,,,
TaxProvision,"165,417,000","53,617,000","22,475,000","21,948,000","67,377,000","-40,920,000","19,219,000","21,957,000","1,189,000","-159,614,000","36,351,000","10,515,000","13,072,000","45,300,000","22,590,000","9,890,000","-4,070,000","24,686,000","18,134,000","15,048,000","25,886,000","26,367,000","26,749,000","21,558,000","21,487,000","27,762,000","35,759,000","24,803,000","11,317,000","33,329,000","27,654,000","-2,384,000","16,983,000","19,993,000","19,054,000","4,831,000","16,898,000","10,628,000","31,257,000","4,261,000","10,093,000","6,763,000","3,229,000","-10,776,000","-31,023,000","-61,968,000","-63,502,000","-10,908,000","14,338,000","22,484,000","37,694,000","26,361,000","21,664,000","43,981,000","24,080,000","25,603,000","38,002,000","24,871,000","6,154,000","27,998,000","47,967,000","30,432,000","25,030,000","31,819,000","32,132,000","34,661,000","23,733,000","11,442,000","19,724,000","-10,263,000","-2,534,000","755,000","22,022,000","-1,118,000","1,936,000","21,101,000","18,269,000","-304,000","18,933,000","18,375,000","29,764,000","34,469,000","22,924,000","9,842,000","54,800,000","11,400,000","17,600,000","13,300,000","34,100,000","32,400,000","30,200,000","29,300,000","32,900,000","19,700,000","25,700,000","23,000,000","21,400,000","35,800,000","21,600,000","19,600,000","22,900,000",,,"27,400,000","18,100,000","23,300,000","24,500,000","28,100,000","27,800,000","29,800,000","20,700,000","15,300,000","19,200,000","11,400,000","20,700,000","10,500,000","16,300,000","15,000,000","11,400,000","12,000,000","11,500,000","6,200,000","14,200,000","11,000,000","15,600,000",,,,,,,,,,,,,,
EarningsFromEquityInterestNetOfTax,"103,501,000","1,176,000","45,075,000","16,790,000","40,460,000","2,376,000","13,029,000","6,421,000","-545,000","42,474,000","22,387,000","12,313,000","9,500,000","17,935,000","36,530,000","1,798,000","937,000","4,023,000","16,339,000","300,000","36,780,000","1,564,000","2,735,000","12,659,000","-859,000","-298,000","121,000","1,076,000","8,577,000","-1,443,000","-895,000","314,000","-1,881,000","-2,488,000","3,077,000","-2,099,000","1,861,000","-3,094,000","-144,000","62,000","7,000","-1,209,000","2,110,000","-3,180,000","-1,937,000",,,,"11,766,000",,"116,938,000","85,355,000","70,866,000",,"78,882,000","76,966,000","94,204,000",,"60,180,000","83,498,000","138,830,000",,"72,019,000","95,973,000","96,836,000",,"67,693,000","37,222,000","59,845,000",,"28,902,000","6,830,000","64,167,000","-9,774,000","-2,600,000","62,435,000","55,058,000","-2,301,000","57,307,000","59,619,000","92,317,000","103,197,000","68,607,000","50,918,000","165,900,000","54,500,000","58,500,000","60,500,000","100,300,000","105,000,000","85,900,000","86,700,000","95,700,000","92,500,000","79,600,000","69,200,000","64,100,000","113,900,000","65,600,000","58,500,000","68,300,000",,,"80,900,000","54,400,000","70,900,000","56,400,000","82,600,000","79,300,000","82,700,000","63,700,000","48,000,000","59,200,000","39,100,000","63,300,000","31,500,000","50,900,000","50,900,000","34,200,000","37,100,000","36,400,000","26,100,000","43,300,000","37,200,000","41,800,000",,,,,,,,,,,,,,
NetIncomeCommonStockholders,"620,363,000","171,122,000","92,184,000","98,840,000","258,217,000","-117,385,000","173,464,000","84,139,000","18,777,000","344,583,000","73,269,000","35,959,000","39,840,000","59,773,000","59,289,000","32,625,000","29,316,000","62,940,000","42,013,000","35,053,000","102,982,000","69,170,000","67,884,000","57,261,000","52,878,000","67,619,000","82,613,000","58,169,000","59,971,000","66,133,000","59,186,000","20,506,000","45,216,000","56,139,000","57,569,000","30,058,000","48,482,000","35,570,000","47,056,000","26,622,000","34,778,000","34,975,000","32,700,000","-4,355,000","-47,695,000","-65,055,000","-125,033,000","-2,935,000","39,025,000","53,333,000","79,244,000","58,994,000","49,202,000","110,864,000","54,802,000","51,363,000","56,202,000","35,490,000","54,026,000","55,500,000","90,863,000","79,746,000","46,989,000","64,154,000","64,704,000","72,304,000","43,960,000","25,780,000","40,121,000","-62,800,000","31,436,000","6,075,000","42,145,000","-8,656,000","-4,536,000","41,334,000","36,789,000","-1,997,000","38,374,000","41,244,000","62,553,000","68,728,000","45,683,000","41,076,000","111,100,000","43,100,000","40,900,000","47,200,000","66,200,000","72,600,000","55,700,000","57,400,000","62,800,000","72,800,000","53,900,000","46,200,000","42,700,000","78,100,000","44,000,000","38,900,000","45,400,000","69,300,000","56,000,000","53,500,000","36,300,000","47,600,000","31,900,000","54,500,000","51,500,000","52,900,000","43,000,000","32,700,000","40,000,000","27,700,000","42,600,000","21,000,000","34,600,000","35,900,000","22,800,000","25,100,000","24,900,000","19,900,000","29,100,000","26,200,000","26,200,000","18,500,000","26,400,000","28,200,000","21,200,000","25,300,000","20,800,000","23,400,000","21,900,000","16,000,000","20,800,000","24,300,000","25,200,000","17,800,000","19,400,000"
	NetIncome,"620,363,000","171,122,000","92,184,000","98,840,000","258,217,000","-117,385,000","173,464,000","84,139,000","18,777,000","344,583,000","73,269,000","35,959,000","39,840,000","59,773,000","59,289,000","32,625,000","29,316,000","62,940,000","42,013,000","35,053,000","102,982,000","69,170,000","67,884,000","57,261,000","52,878,000","67,619,000","82,613,000","58,169,000","59,971,000","66,133,000","59,186,000","20,506,000","45,216,000","56,139,000","57,569,000","30,058,000","48,482,000","35,570,000","47,056,000","26,622,000","34,778,000","34,975,000","32,700,000","-4,355,000","-47,695,000","-65,055,000","-125,033,000","-2,935,000","39,025,000","53,333,000","79,244,000","58,994,000","49,202,000","110,864,000","54,802,000","51,363,000","56,202,000","35,490,000","54,026,000","55,500,000","90,863,000","79,746,000","46,989,000","64,154,000","64,704,000","72,304,000","43,960,000","25,780,000","40,121,000","-62,800,000","31,436,000","6,075,000","42,145,000","-8,656,000","-4,536,000","41,334,000","36,789,000","-1,997,000","38,374,000","41,244,000","62,553,000","68,728,000","45,683,000","41,076,000","111,100,000","43,100,000","40,900,000","47,200,000","66,200,000","72,600,000","55,700,000","57,400,000","62,800,000","72,800,000","53,900,000","46,200,000","42,700,000","78,100,000","44,000,000","38,900,000","45,400,000","69,300,000","56,000,000","53,500,000","36,300,000","47,600,000","31,900,000","54,500,000","51,500,000","52,900,000","43,000,000","32,700,000","40,000,000","27,700,000","42,600,000","21,000,000","34,600,000","35,900,000","22,800,000","25,100,000","24,900,000","19,900,000","29,100,000","26,200,000","26,200,000","18,500,000","26,400,000","28,200,000","21,200,000","25,300,000","20,800,000","23,400,000","21,900,000","16,000,000","20,800,000","24,300,000","25,200,000","17,800,000","19,400,000"
		NetIncomeIncludingNoncontrollingInterests,"631,777,000","171,092,000","105,943,000","97,875,000","256,867,000","-117,739,000","175,841,000","84,062,000","18,258,000","344,114,000","76,603,000","35,699,000","39,191,000","60,302,000","61,662,000","32,188,000","28,515,000","60,599,000","44,865,000","34,659,000","102,253,000","68,778,000","70,761,000","57,023,000","52,122,000","67,188,000","85,226,000","60,483,000","59,408,000","65,577,000","60,836,000","21,338,000","44,507,000","55,271,000","59,116,000","31,204,000","47,695,000","36,325,000","47,720,000","26,343,000","32,583,000","33,838,000","33,948,000","-4,923,000","-47,694,000","-65,055,000","-125,033,000","-2,935,000","39,025,000","44,690,000","81,372,000","62,232,000","49,202,000","86,599,000","59,931,000","50,218,000","57,398,000","12,344,000","54,026,000","55,500,000","90,863,000","66,222,000","46,989,000","64,154,000","64,704,000","61,784,000","43,960,000","25,780,000","40,121,000","-62,800,000","31,436,000","6,075,000","42,145,000","-8,656,000","-4,536,000","41,334,000","36,789,000","-1,997,000","38,374,000","41,244,000","62,553,000","68,728,000","45,683,000","41,076,000","111,100,000","43,100,000","40,900,000","47,200,000","66,200,000","72,600,000","55,700,000","57,400,000","62,800,000","72,800,000","53,900,000","46,200,000","42,700,000","78,100,000","44,000,000","38,900,000","45,400,000","69,300,000","56,000,000","53,500,000","36,300,000","47,600,000","31,900,000","54,500,000","51,500,000","52,900,000","43,000,000","32,700,000","40,000,000","27,700,000","42,600,000","21,000,000","34,600,000","35,900,000","22,800,000","25,100,000","24,900,000","19,900,000","29,100,000","26,200,000","26,200,000","18,500,000","26,400,000","28,200,000","21,200,000","25,300,000","20,800,000","23,400,000","21,900,000","16,000,000","20,800,000","24,300,000","25,200,000","17,800,000","19,400,000"
			NetIncomeContinuousOperations,"632,461,000","168,968,000","106,966,000","98,746,000","257,781,000","-120,872,000","177,077,000","85,739,000","19,050,000","344,114,000","76,603,000","35,699,000","39,191,000","60,302,000","61,662,000","32,188,000","28,515,000","60,599,000","44,865,000","34,659,000","102,253,000","68,778,000","70,761,000","57,023,000","52,122,000","67,188,000","85,226,000","60,483,000","59,408,000","65,577,000","60,836,000","21,338,000","44,507,000","55,271,000","59,116,000","31,204,000","47,695,000","39,088,000","48,233,000","26,343,000","32,583,000","33,838,000","33,948,000","-4,923,000","-47,694,000","-86,833,000","-124,428,000","-1,836,000","39,025,000","53,333,000","79,244,000","58,994,000","49,202,000","110,864,000","54,802,000","51,363,000","56,202,000","35,490,000","54,026,000","55,500,000","90,863,000","79,746,000","46,989,000","64,154,000","64,704,000","72,304,000","43,960,000","25,780,000","40,121,000","-62,800,000","31,436,000","6,075,000","42,145,000","-8,656,000","-4,536,000","41,334,000","36,789,000","-1,997,000","38,374,000","41,244,000","62,553,000","68,728,000","45,683,000","41,076,000","111,100,000","43,100,000","40,900,000","47,200,000","66,200,000","72,600,000","55,700,000","57,400,000","62,800,000","72,800,000","53,900,000","46,200,000","42,700,000","78,100,000","44,000,000","38,900,000","45,400,000","69,300,000","56,000,000","53,500,000","36,300,000","47,600,000","31,900,000","54,500,000","51,500,000","52,900,000","43,000,000","32,700,000","40,000,000","27,700,000","42,600,000","21,000,000","34,600,000","35,900,000","22,800,000","25,100,000","24,900,000","19,900,000","29,100,000","26,200,000","26,200,000","18,500,000","26,400,000","28,200,000","21,200,000","25,300,000","20,800,000","23,400,000","21,900,000","16,000,000","20,800,000","24,300,000","25,200,000","17,800,000","19,400,000"
			NetIncomeDiscontinuousOperations,,,,,,,,,,,,,,,,,,,,,,,,,,,,,,,,,,"0","0","0","0","-2,763,000","-513,000",,,"0","0","0","0","21,778,000","-605,000","-1,099,000",,,,,,,,,,,,,,,,,,,,,,,,,,,,,,,,,,,,,,,,,,,,,,,,,,,,,,,,,,,,,,,,,,,,,,,,,,,,,,,,,,,,,,,,,,,
			NetIncomeFromTaxLossCarryforward,"-684,000","2,124,000","-1,023,000","-871,000","-914,000","3,133,000","-1,236,000","-1,677,000","-792,000",,,,,,,,,,,,,,,,,,,,,,,,,,,,,,,,,,,,,,,,,,,,,,,,,,,,,,,,,,,,,,,,,,,,,,,,,,,,,,,,,,,,,,,,,,,,,,,,,,,,,,,,,,,,,,,,,,,,,,,,,,,,,,,,,,
		MinorityInterests,"-11,414,000","30,000","-13,759,000","965,000","1,350,000","354,000","-2,377,000","77,000","519,000","469,000","-3,334,000","260,000","649,000","-529,000","-2,373,000","437,000","801,000","2,341,000","-2,852,000","394,000","729,000","392,000","-2,877,000","238,000","756,000","431,000","-2,613,000","-2,314,000","563,000","556,000","-1,650,000","-832,000","709,000","868,000","-1,547,000","-1,146,000","787,000","-755,000","-664,000","279,000","2,195,000","1,137,000","-1,248,000","568,000","-1,000",,,,,,"-2,128,000","-3,238,000",,"24,265,000","-5,129,000","1,145,000","-1,196,000",,,,,,,,,,,,,,,,,,,,,,,,,,,,,,,,,,,,,,,,,,,,,,,,,,,,,,,,,,,,,,,,,,,,,,,,,,,,,,,,,,
DilutedNIAvailtoComStockholders,"620,363,000","171,122,000","92,184,000","98,840,000","258,217,000","-117,385,000","173,464,000","84,139,000","18,777,000","344,583,000","73,269,000","35,959,000","39,840,000","59,773,000","59,289,000","32,625,000","29,316,000","62,940,000","42,013,000","35,053,000","102,982,000","69,170,000","67,884,000","57,261,000","52,878,000","67,619,000","82,613,000","58,169,000","59,971,000","66,133,000","59,186,000","20,506,000","45,216,000","56,139,000","57,569,000","30,058,000","48,482,000","35,570,000","47,056,000","26,622,000","34,778,000","34,975,000","32,700,000","-4,355,000","-47,695,000","-65,055,000","-125,033,000","-2,935,000","39,025,000","53,333,000","79,244,000","58,994,000","49,202,000","110,864,000","54,802,000","51,363,000","56,202,000","35,490,000","54,026,000","55,500,000","90,863,000","79,746,000","46,989,000","64,154,000","64,704,000","72,304,000","43,960,000","25,780,000","40,121,000","-62,800,000","31,436,000","6,075,000","42,145,000","-8,656,000","-4,536,000","41,334,000","36,789,000","-1,997,000","38,374,000","41,244,000","62,553,000","68,728,000","45,683,000","41,076,000","111,100,000","43,100,000","40,900,000","47,200,000","66,200,000","72,600,000","55,700,000","57,400,000","62,800,000","72,800,000","53,900,000","46,200,000","42,700,000","78,100,000","44,000,000","38,900,000","45,400,000","69,300,000","56,000,000","53,500,000","36,300,000","47,600,000","31,900,000","54,500,000","51,500,000","52,900,000","43,000,000","32,700,000","40,000,000","27,700,000","42,600,000","21,000,000","34,600,000","35,900,000","22,800,000","25,100,000","24,900,000","19,900,000","29,100,000","26,200,000","26,200,000","18,500,000","26,400,000","28,200,000","21,200,000","25,300,000","20,800,000","23,400,000","21,900,000","16,000,000","20,800,000","24,300,000","25,200,000","17,800,000","19,400,000"
BasicEPS,,,"3.43","3.68","9.6",,"6.45","3.13","0.697","12.795","2.721","1.335","1.48","2.221","2.203","1.212","1.089","2.339","1.562","1.304","3.84","2.58","2.532","2.136","1.97","2.524","3.085","2.172","2.24","2.471","2.21","0.768","1.702",,"2.168","1.132","1.83",,"1.77","1","1.31",,"1.23","-0.16","-1.8",,"-4.72","-0.11","1.47",,"2.99","2.23","1.86",,"2.07","1.94","2.12",,"2.04","2.1","3.43",,"1.77","2.42","2.44",,"1.66","0.97","1.51",,"1.19","0.23","1.59",,"-0.17","1.56","1.39",,"1.45","1.56","2.36",,"1.73","1.55","4.2",,"1.54","1.78","2.5",,"2.1","2.17","2.37",,"2.03","1.75","1.61",,"1.66","1.47","1.71",,"2.12","2.02","1.37",,"1.2","2.06","1.95",,"1.62","1.24","1.51",,"1.61","0.79","1.31",,"0.83","0.9","0.89",,"1.03","0.93","0.93",,"0.93","1","0.75",,"0.72","0.81","0.76",,"0.73","0.84","0.88",,"0.67"
DilutedEPS,,,"3.43","3.67","9.6",,"6.44","3.12","0.697","12.78","2.72","1.33","1.48","2.22","2.2","1.21","1.089","2.33","1.56","1.3","3.82","2.57","2.52","2.12","1.96","2.51","3.07","2.16","2.23","2.46","2.2","0.76","1.69",,"2.15","1.13","1.82",,"1.76","1","1.3",,"1.23","-0.16","-1.8",,"-4.72","-0.11","1.46",,"2.98","2.22","1.85",,"2.06","1.93","2.11",,"2.04","2.1","3.43",,"1.77","2.42","2.44",,"1.66","0.97","1.51",,"1.19","0.23","1.59",,"-0.17","1.56","1.39",,"1.45","1.56","2.36",,"1.73","1.55","4.2",,"1.54","1.78","2.5",,"2.1","2.17","2.37",,"2.03","1.75","1.61",,"1.66","1.47","1.71",,"2.12","2.02","1.37",,"1.2","2.06","1.95",,"1.62","1.24","1.51",,"1.61","0.79","1.31",,"0.83","0.9","0.89",,"1.03","0.93","0.93",,"0.93","1","0.75",,"0.72","0.81","0.76",,"0.73","0.84","0.88",,"0.67"
BasicAverageShares,,,"26,881,700","26,881,700","26,885,719",,"26,885,449","26,885,449","26,938,341","26,931,884","26,931,884","26,931,884","26,927,115","26,908,029","26,908,032","26,908,077","26,909,511","26,909,460","26,899,683","26,877,833","26,818,215","26,807,616","26,805,535","26,802,896","26,792,281","26,785,279","26,780,313","26,779,969","26,763,896","26,761,801","26,736,464","26,685,128","26,565,164",,"26,559,950","26,559,950","26,559,643",,"26,558,832","26,558,832","26,558,832",,"26,558,832","26,498,832","26,498,832",,"26,490,042","26,681,818","26,547,619",,"26,727,000","26,727,000","26,479,832",,"26,479,832","26,479,832","26,479,832",,"26,479,832","26,479,832","26,479,832",,"26,479,832","26,479,832","26,479,832",,"26,479,832","26,479,832","26,479,832",,"26,479,832","26,682,353","26,479,832",,"26,682,353","26,496,154","26,466,906",,"26,479,165","26,479,165","26,558,165",,"26,479,165","26,479,000","26,452,381",,"26,558,442","26,516,854","26,480,000",,"26,523,810","26,451,613","26,497,890",,"26,551,724","26,400,000","26,521,739",,"26,506,024","26,462,585","26,549,708",,"26,415,094","26,485,149","26,496,350",,"26,583,333","26,456,311","26,410,256",,"26,543,210","26,370,968","26,490,066",,"26,459,627","26,582,278","26,412,214",,"27,469,880","27,888,889","27,977,528",,"28,252,427","28,172,043","28,172,043",,"28,387,097","28,200,000","28,266,667",,"28,888,889","28,888,889","28,815,789",,"28,493,151","28,928,571","28,636,364",,"28,955,224"
DilutedAverageShares,,,"26,888,172","26,888,964","26,891,904",,"26,893,013","26,910,257","26,964,355","26,968,634","26,958,664","26,955,881","26,972,128","26,968,521","26,967,331","26,970,597","26,965,967","26,963,519","26,963,635","26,952,107","26,964,350","26,915,253","26,911,507","26,926,351","26,925,152","26,913,697","26,905,093","26,901,347","26,887,151","26,877,852","26,870,655","26,854,595","26,758,955",,"26,718,464","26,706,145","26,690,498",,"26,678,394","26,669,828","26,652,210",,"26,601,368","26,599,550","26,498,832",,"26,659,488","26,681,818","26,729,452",,"26,727,000","26,727,000","26,612,464",,"26,595,416","26,595,416","26,589,211",,"26,479,832","26,479,832","26,479,832",,"26,479,832","26,479,832","26,479,832",,"26,479,832","26,479,832","26,479,832",,"26,479,832","26,682,353","26,479,832",,"26,682,353","26,496,154","26,466,906",,"26,479,165","26,479,165","26,558,165",,"26,479,165","26,479,000","26,452,381",,"26,558,442","26,516,854","26,480,000",,"26,523,810","26,451,613","26,497,890",,"26,551,724","26,400,000","26,521,739",,"26,506,024","26,462,585","26,549,708",,"26,415,094","26,485,149","26,496,350",,"26,583,333","26,456,311","26,410,256",,"26,543,210","26,370,968","26,490,066",,"26,459,627","26,582,278","26,412,214",,"27,469,880","27,888,889","27,977,528",,"28,252,427","28,172,043","28,172,043",,"28,387,097","28,200,000","28,266,667",,"28,888,889","28,888,889","28,815,789",,"28,493,151","28,928,571","28,636,364",,"28,955,224"
TotalExpenses,"3,375,766,000","835,864,000","848,134,000","852,773,000","838,995,000","682,868,000","868,969,000","850,796,000","782,591,000","782,334,000","782,183,000","800,192,000","737,034,000","751,724,000","775,420,000","760,168,000","741,462,000","762,261,000","653,199,000","668,099,000","665,208,000","683,617,000","651,395,000","688,864,000","697,968,000","719,753,000","664,640,000","689,450,000","682,897,000","653,006,000","670,683,000","712,322,000","679,304,000","697,056,000","658,251,000","724,280,000","702,373,000","730,549,000","710,822,000","720,027,000","709,617,000","747,835,000","745,280,000","740,309,000","728,777,000","666,541,000","738,559,000","743,933,000","673,073,000","1,072,822,000","541,071,000","566,848,000","541,390,000","1,046,719,000","556,016,000","563,807,000","542,992,000","2,371,263,000","112,086,000","175,050,000","115,915,000","2,040,395,000","160,917,000","167,209,000","135,809,000","2,361,230,000","23,427,000","14,317,000","5,779,000","2,193,981,000","13,253,000","4,760,000","2,514,000","166,487,000","11,276,000","4,774,000","3,063,000","121,372,000","-6,482,000","25,124,000","4,001,000","124,540,000","7,114,000","12,368,000","3,500,000","136,900,000","9,300,000","12,400,000","3,300,000","12,300,000","11,300,000","10,600,000","12,000,000","11,600,000","9,500,000","6,400,000","8,900,000","221,900,000","30,800,000","36,900,000","28,000,000",,,"67,300,000","56,100,000","55,700,000","53,100,000","50,700,000","48,000,000","45,000,000","55,900,000","52,100,000","47,600,000","53,800,000","57,900,000","47,500,000","41,300,000","46,000,000","43,600,000","43,000,000","36,500,000",,"40,600,000","42,600,000","33,600,000",,,,,,,,,,,,,,
NetIncomeFromContinuingAndDiscontinuedOperation,"621,047,000","168,998,000","93,207,000","99,711,000","259,131,000","-120,518,000","174,700,000","85,816,000","19,569,000","344,583,000","73,269,000","35,959,000","39,840,000","59,773,000","59,289,000","32,625,000","29,316,000","62,940,000","42,013,000","35,053,000","102,982,000","69,170,000","67,884,000","57,261,000","52,878,000","67,619,000","82,613,000","58,169,000","59,971,000","66,133,000","59,186,000","20,506,000","45,216,000","56,139,000","57,569,000","30,058,000","48,482,000","35,570,000","47,056,000","26,622,000","34,778,000","34,975,000","32,700,000","-4,355,000","-47,695,000","-65,055,000","-125,033,000","-2,935,000","39,025,000","53,333,000","79,244,000","58,994,000","49,202,000","110,864,000","54,802,000","51,363,000","56,202,000","35,490,000","54,026,000","55,500,000","90,863,000","79,746,000","46,989,000","64,154,000","64,704,000","72,304,000","43,960,000","25,780,000","40,121,000","-62,800,000","31,436,000","6,075,000","42,145,000","-8,656,000","-4,536,000","41,334,000","36,789,000","-1,997,000","38,374,000","41,244,000","62,553,000","68,728,000","45,683,000","41,076,000","111,100,000","43,100,000","40,900,000","47,200,000","66,200,000","72,600,000","55,700,000","57,400,000","62,800,000","72,800,000","53,900,000","46,200,000","42,700,000","78,100,000","44,000,000","38,900,000","45,400,000","69,300,000","56,000,000","53,500,000","36,300,000","47,600,000","31,900,000","54,500,000","51,500,000","52,900,000","43,000,000","32,700,000","40,000,000","27,700,000","42,600,000","21,000,000","34,600,000","35,900,000","22,800,000","25,100,000","24,900,000","19,900,000","29,100,000","26,200,000","26,200,000","18,500,000","26,400,000","28,200,000","21,200,000","25,300,000","20,800,000","23,400,000","21,900,000","16,000,000","20,800,000","24,300,000","25,200,000","17,800,000","19,400,000"
NormalizedIncome,"621,047,000","168,998,000","93,207,000","99,711,000","259,131,000","-120,518,000","174,700,000","85,816,000","19,569,000","344,583,000","73,269,000","35,959,000","39,840,000","59,773,000","59,289,000","32,625,000","29,316,000","62,940,000","42,013,000","35,053,000","102,982,000","69,170,000","67,884,000","57,261,000","52,878,000","67,619,000","82,613,000","58,169,000","59,971,000","66,133,000","59,186,000","20,506,000","45,216,000","56,139,000","57,569,000","30,058,000","48,482,000","38,333,000","47,569,000","26,622,000","34,778,000","34,975,000","32,700,000","-4,355,000","-47,695,000","-86,833,000","-125,503,908.583","-28,237,050","18,034,884.189","53,333,000","79,244,000","58,994,000","49,202,000","110,864,000","54,802,000","51,363,000","56,202,000","35,490,000","54,026,000","55,500,000","90,863,000","79,746,000","46,989,000","64,154,000","64,704,000","72,304,000","43,960,000","25,780,000","40,121,000","-62,800,000","31,436,000","6,075,000","42,145,000","-8,656,000","-4,536,000","41,334,000","36,789,000","-1,997,000","38,374,000","41,244,000","62,553,000","68,728,000","45,683,000","41,076,000","111,100,000","43,100,000","40,900,000","47,200,000","66,200,000","72,600,000","55,700,000","57,400,000","62,800,000","72,800,000","53,900,000","46,200,000","42,700,000","78,100,000","44,000,000","38,900,000","45,400,000","69,300,000","56,000,000","53,500,000","36,300,000","47,600,000","31,900,000","54,500,000","51,500,000","52,900,000","43,000,000","32,700,000","40,000,000","27,700,000","42,600,000","21,000,000","34,600,000","35,900,000","22,800,000","25,100,000","24,900,000","19,900,000","29,100,000","26,200,000","26,200,000","18,500,000","26,400,000","28,200,000","21,200,000","25,300,000","20,800,000","23,400,000","21,900,000","16,000,000","20,800,000","24,300,000","25,200,000","17,800,000","19,400,000"
InterestIncome,,,"7,985,000","9,015,000","8,292,000","8,468,000","10,387,000","10,898,000",,,,,,,,,,,,,,,,,,,,,,,,,,,,,,,,,,,,,,,,,,,,,,,,,,,,,,,,,,,,,,,,,,,,,,,,,,,,,,,,,,,,,,,,,,,,,,,,,,,,,,,,,,,,,,,,,,,,,,,,,,,,,,,,,,,
InterestExpense,,,,,,,,,,,,,,,,,,,,,,,,,,,,,,,,,,,,,,,,,,,,,,,,,,,"72,662,000","80,930,000","74,095,000","76,873,000","74,768,000","73,007,000","72,903,000",,,,,,,,,,,,,,,,,,,,,,,,,,,,,,,,,,,,,,,,,,,,,,,,,,,,,,,,,,,,,,,,,,,,,,,,,,,,,,,,,,
NetInterestIncome,,,,,,,,,,,,,,,,,,,,,,,,,,,,,,,,,,,,,,,,,,,,,,,,,,,"-72,662,000","-80,930,000","-74,095,000","-76,873,000","-74,768,000","-73,007,000","-72,903,000",,,,,,,,,,,,,,,,,,,,,,,,,,,,,,,,,,,,,,,,,,,,,,,,,,,,,,,,,,,,,,,,,,,,,,,,,,,,,,,,,,
EBIT,,,,,,,,,,,,,,,,,,,,,,,,,,,,,,,,,,,,,,,,,,,,,,,,,,,"72,662,000","80,930,000","74,095,000","481,770,000","74,768,000","73,007,000","72,903,000",,,,,,,,,,,,,,,,,,,,,,,,,,,,,,,,,,,,,,,,,,,,,,,,,,,,,,,,,,,,,,,,,,,,,,,,,,,,,,,,,,
ReconciledDepreciation,"53,160,000","12,400,000","10,139,000","16,781,000","13,840,000","12,808,000","13,458,000","12,791,000","12,992,000","12,806,000","13,094,000","13,056,000","14,981,000","8,467,000","11,966,000","12,093,000","12,752,000","7,908,000","13,996,000","7,773,000","10,896,000","11,993,000","13,547,000","5,524,000","7,350,000","6,303,000","9,900,000","6,521,000","8,452,000","8,876,000","9,142,000","9,701,000","8,854,000","15,249,000","9,515,000","10,442,000","10,211,000","21,879,000","13,752,000","12,673,000","11,176,000","34,185,000","9,481,000","9,845,000","7,448,000","2,222,000","8,853,000",,,,,,,,,,,,,,,,,,,,,,,,,,,,,,,,,,,,,,,,,,,,,,,,,,,,,,,,,,,,,,,,,,,,,,,,,,,,,,,,,,,,,,,,,,,,
NetIncomeFromContinuingOperationNetMinorityInterest,"621,047,000","168,998,000","93,207,000","99,711,000","259,131,000","-120,518,000","174,700,000","85,816,000","19,569,000","344,583,000","73,269,000","35,959,000","39,840,000","59,773,000","59,289,000","32,625,000","29,316,000","62,940,000","42,013,000","35,053,000","102,982,000","69,170,000","67,884,000","57,261,000","52,878,000","67,619,000","82,613,000","58,169,000","59,971,000","66,133,000","59,186,000","20,506,000","45,216,000","56,139,000","57,569,000","30,058,000","48,482,000","38,333,000","47,569,000","26,622,000","34,778,000","34,975,000","32,700,000","-4,355,000","-47,695,000","-86,833,000","-124,428,000","-1,836,000","39,025,000","53,333,000","79,244,000","58,994,000","49,202,000","110,864,000","54,802,000","51,363,000","56,202,000","35,490,000","54,026,000","55,500,000","90,863,000","79,746,000","46,989,000","64,154,000","64,704,000","72,304,000","43,960,000","25,780,000","40,121,000","-62,800,000","31,436,000","6,075,000","42,145,000","-8,656,000","-4,536,000","41,334,000","36,789,000","-1,997,000","38,374,000","41,244,000","62,553,000","68,728,000","45,683,000","41,076,000","111,100,000","43,100,000","40,900,000","47,200,000","66,200,000","72,600,000","55,700,000","57,400,000","62,800,000","72,800,000","53,900,000","46,200,000","42,700,000","78,100,000","44,000,000","38,900,000","45,400,000","69,300,000","56,000,000","53,500,000","36,300,000","47,600,000","31,900,000","54,500,000","51,500,000","52,900,000","43,000,000","32,700,000","40,000,000","27,700,000","42,600,000","21,000,000","34,600,000","35,900,000","22,800,000","25,100,000","24,900,000","19,900,000","29,100,000","26,200,000","26,200,000","18,500,000","26,400,000","28,200,000","21,200,000","25,300,000","20,800,000","23,400,000","21,900,000","16,000,000","20,800,000","24,300,000","25,200,000","17,800,000","19,400,000"
TotalUnusualItemsExcludingGoodwill,,,,,,,,,,,,,,,,,,,,,,,,,,,,,,,,,,,,,,,,,,,,,,,"1,625,000","40,617,000","28,702,000",,,,,,,,,,,,,,,,,,,,,,,,,,,,,,,,,,,,,,,,,,,,,,,,,,,,,,,,,,,,,,,,,,,,,,,,,,,,,,,,,,,,,,,,,,
TotalUnusualItems,,,,,,,,,,,,,,,,,,,,,,,,,,,,,,,,,,,,,,,,,,,,,,,"1,625,000","40,617,000","28,702,000",,,,,,,,,,,,,,,,,,,,,,,,,,,,,,,,,,,,,,,,,,,,,,,,,,,,,,,,,,,,,,,,,,,,,,,,,,,,,,,,,,,,,,,,,,
TaxRateForCalcs,"0.205","0.242","0.266","0.211","0.237","0.249","0.105","0.217","0.059","0.4","0.4","0.31","0.306","0.4","0.4","0.246","0.4","0.304","0.389","0.305","0.283","0.282","0.283","0.328","0.289","0.291","0.296","0.295","0.182","0.332","0.309","0.35","0.268","0.257","0.254","0.127","0.269","0.201","0.393","0.14","0.237","0.162","0.092","0.35","0.4","0.4","0.338","0.35","0.269","0.064","0","0","0","0.109","0","0","0","0.073","0","0","0","0.081","0","0","0","0.128","0","0","0","0.4","0","0","0","0","0","0","0","0","0","0","0","0","0","0","0","0","0","0","0","0","0","0","0","0","0","0","0","0","0","0","0","0.4","0.4","0","0","0","0","0","0","0","0","0","0","0","0","0","0","0","0","0","0","0","0","0","0","0.4","0.4","0.4","0.4","0.4","0.4","0.4","0.4","0.4","0.4","0.4","0.4","0.4","0.4"
TaxEffectOfUnusualItems,"0","0","0","0","0","0","0","0","0","0","0","0","0","0","0","0","0","0","0","0","0","0","0","0","0","0","0","0","0","0","0","0","0","0","0","0","0","0","0","0","0","0","0","0","0","0","549,091.417","14,215,950","7,711,884.189","0","0","0","0","0","0","0","0","0","0","0","0","0","0","0","0","0","0","0","0","0","0","0","0","0","0","0","0","0","0","0","0","0","0","0","0","0","0","0","0","0","0","0","0","0","0","0","0","0","0","0","0","0","0","0","0","0","0","0","0","0","0","0","0","0","0","0","0","0","0","0","0","0","0","0","0","0","0","0","0","0","0","0","0","0","0","0","0","0","0"