name,ttm,03/31/2020,12/31/2019,09/30/2019,06/30/2019,03/31/2019,12/31/2018,09/30/2018,06/30/2018,03/31/2018,12/31/2017,09/30/2017,06/30/2017,03/31/2017,12/31/2016,09/30/2016,06/30/2016,03/31/2016,12/31/2015,09/30/2015,06/30/2015,03/31/2015,12/31/2014,09/30/2014,06/30/2014,03/31/2014,12/31/2013,09/30/2013,06/30/2013,03/31/2013,12/31/2012,09/30/2012,06/30/2012,03/31/2012,12/31/2011,09/30/2011,06/30/2011,03/31/2011,12/31/2010,09/30/2010,06/30/2010,03/31/2010,12/31/2009,09/30/2009,06/30/2009,03/31/2009,12/31/2008,09/30/2008,06/30/2008,03/31/2008,12/31/2007,09/30/2007,06/30/2007,03/31/2007,12/31/2006,09/30/2006,06/30/2006,03/31/2006,12/31/2005,09/30/2005,06/30/2005,03/31/2005,12/31/2004,09/30/2004,06/30/2004,03/31/2004,12/31/2003,09/30/2003,06/30/2003,03/31/2003,12/31/2002,09/30/2002,06/30/2002,03/31/2002,12/31/2001,09/30/2001,06/30/2001,03/31/2001,12/31/2000,09/30/2000,06/30/2000,03/31/2000,12/31/1999,09/30/1999,06/30/1999,03/31/1999,12/31/1998,09/30/1998,06/30/1998,03/31/1998,12/31/1997,09/30/1997,06/30/1997,03/31/1997,12/31/1996,09/30/1996,06/30/1996,03/31/1996,12/31/1995,09/30/1995,06/30/1995,03/31/1995,12/31/1994,09/30/1994,06/30/1994,03/31/1994,12/31/1993,09/30/1993,06/30/1993,03/31/1993,12/31/1992,09/30/1992,06/30/1992,03/31/1992,12/31/1991,09/30/1991,06/30/1991,03/31/1991,12/31/1990,09/30/1990,06/30/1990,03/31/1990,12/31/1989,09/30/1989,06/30/1989,03/31/1989,12/31/1988,09/30/1988,06/30/1988,03/31/1988,12/31/1987,09/30/1987,06/30/1987,03/31/1987,12/31/1986,09/30/1986,06/30/1986,03/31/1986,12/31/1985,09/30/1985
TotalRevenue,"8,808,800,000","2,071,700,000","2,252,300,000","2,222,200,000","2,262,600,000","2,108,500,000","2,119,100,000","2,179,000,000","2,137,900,000","1,964,200,000","2,013,800,000","2,016,400,000","2,001,400,000","1,895,800,000","1,894,600,000","1,956,300,000","1,955,700,000","1,816,200,000","1,835,800,000","1,489,200,000","1,480,400,000","1,385,100,000","1,669,100,000","1,666,600,000","1,586,000,000","1,523,800,000","1,598,500,000","1,557,600,000","1,579,500,000","1,490,900,000","1,544,400,000","1,609,000,000","1,577,000,000","1,522,700,000","1,499,000,000","1,611,800,000","1,612,800,000","1,517,500,000","1,434,400,000","1,397,900,000","1,367,200,000","1,272,600,000","1,217,600,000","1,273,000,000","1,220,600,000","1,271,200,000","1,458,600,000","1,589,600,000","1,616,800,000","1,471,600,000","1,491,500,000","1,521,200,000","1,511,500,000","1,328,700,000","1,297,800,000","1,330,500,000","1,239,800,000","1,070,500,000","1,025,600,000","1,009,200,000","936,100,000","876,500,000","848,300,000","849,600,000","813,100,000","764,200,000","664,800,000","653,400,000","644,800,000","662,200,000","661,800,000","626,300,000","617,300,000","614,700,000","662,600,000","761,500,000","839,800,000","880,000,000","907,900,000","955,900,000","905,500,000","745,100,000","706,000,000","710,400,000","658,500,000","595,100,000","12,100,000","804,500,000","783,400,000","748,500,000","737,400,000","726,500,000","682,600,000","658,700,000","664,600,000","631,500,000","611,800,000","567,400,000","578,800,000","571,100,000","542,000,000","502,900,000","490,600,000","456,300,000","422,900,000","538,800,000","508,500,000","492,700,000","476,500,000","431,500,000","338,500,000","448,400,000","449,700,000","445,500,000","434,700,000","431,900,000","475,600,000","437,700,000","270,400,000","566,700,000","576,400,000","563,000,000","550,100,000","543,000,000","538,200,000","489,800,000","459,500,000","419,900,000","392,800,000","371,400,000","350,100,000","340,900,000","321,600,000","261,400,000","70,800,000","81,200,000","71,600,000","65,100,000","52,300,000","48,400,000"
	OperatingRevenue,"8,808,800,000","2,071,700,000","2,252,300,000","2,222,200,000","2,262,600,000","2,108,500,000","2,119,100,000","2,179,000,000","2,137,900,000","1,964,200,000","2,013,800,000","2,016,400,000","2,001,400,000","1,895,800,000","1,894,600,000","1,956,300,000","1,955,700,000","1,816,200,000","1,835,800,000","1,489,200,000","1,480,400,000","1,385,100,000","1,669,100,000","1,666,600,000","1,586,000,000","1,523,800,000","1,598,500,000","1,557,600,000","1,579,500,000","1,490,900,000","1,544,400,000","1,609,000,000","1,577,000,000","1,522,700,000","1,499,000,000","1,611,800,000","1,612,800,000","1,517,500,000","1,434,400,000","1,397,900,000","1,367,200,000","1,272,600,000","1,217,600,000","1,273,000,000","1,220,600,000","1,271,200,000","1,458,600,000","1,589,600,000","1,616,800,000","1,471,600,000","1,491,500,000","1,521,200,000","1,511,500,000","1,328,700,000","1,297,800,000","1,330,500,000","1,239,800,000","1,070,500,000","1,025,600,000","1,009,200,000","936,100,000","876,500,000","848,300,000","849,600,000","813,100,000","764,200,000","664,800,000","653,400,000","644,800,000","662,200,000","661,800,000","626,300,000","617,300,000","614,700,000","662,600,000","761,500,000","839,800,000","880,000,000","907,900,000","955,900,000","905,500,000","745,100,000","706,000,000","710,400,000","658,500,000","595,100,000","12,100,000","804,500,000","783,400,000","748,500,000","737,400,000","726,500,000","682,600,000","658,700,000","664,600,000","631,500,000","611,800,000","567,400,000","578,800,000","571,100,000","542,000,000","502,900,000","490,600,000","456,300,000","422,900,000","538,800,000","508,500,000","492,700,000","476,500,000","431,500,000","338,500,000","448,400,000","449,700,000","445,500,000","434,700,000","431,900,000","475,600,000","437,700,000","270,400,000","566,700,000","576,400,000","563,000,000","550,100,000","543,000,000","538,200,000","489,800,000","459,500,000","419,900,000","392,800,000","371,400,000","350,100,000","340,900,000","321,600,000","261,400,000","70,800,000","81,200,000","71,600,000","65,100,000","52,300,000","48,400,000"
CostOfRevenue,"7,035,500,000","1,655,300,000","1,791,800,000","1,775,800,000","1,812,600,000","1,689,600,000","1,689,100,000","1,754,900,000","1,718,800,000","1,579,400,000","1,615,400,000","1,619,200,000","1,605,700,000","1,516,100,000","1,507,500,000","1,559,600,000","1,562,300,000","1,445,400,000","1,464,400,000","1,158,300,000","1,151,500,000","1,075,800,000","1,295,800,000","1,288,000,000","1,223,100,000","1,170,200,000","1,227,100,000","1,200,600,000","1,223,400,000","1,152,700,000","1,201,500,000","1,250,300,000","1,219,100,000","1,173,500,000","1,150,300,000","1,249,800,000","1,239,500,000","1,164,800,000","1,100,600,000","1,073,200,000","1,054,200,000","982,900,000","945,000,000","984,800,000","944,100,000","977,900,000","1,121,100,000","1,216,900,000","1,232,700,000","1,123,100,000","1,126,900,000","1,154,200,000","1,148,200,000","1,010,300,000","983,300,000","1,010,000,000","932,700,000","813,300,000","775,000,000","769,600,000","713,600,000","664,100,000","634,100,000","647,700,000","621,600,000","581,500,000","499,700,000","495,100,000","486,800,000","501,400,000","495,800,000","476,400,000","469,600,000","472,900,000","508,900,000","590,800,000","639,300,000","669,000,000","649,500,000","749,300,000","707,600,000","567,100,000","541,600,000","543,400,000","498,000,000","441,100,000","11,100,000","599,500,000","585,400,000","557,200,000","546,300,000","541,300,000","506,800,000","489,700,000","488,800,000","470,800,000","455,100,000","417,100,000","425,500,000","425,500,000","402,900,000","371,500,000","112,600,000","431,100,000","419,400,000","472,300,000","32,300,000","425,400,000","416,700,000","374,100,000","-115,200,000","387,400,000","401,000,000","381,900,000","-29,700,000","375,900,000","406,400,000","370,600,000","-439,100,000","442,400,000","458,100,000","444,100,000","426,600,000","412,300,000",,,,,,,,,,,,,,,,
GrossProfit,"1,773,300,000","416,400,000","460,500,000","446,400,000","450,000,000","418,900,000","430,000,000","424,100,000","419,100,000","384,800,000","398,400,000","397,200,000","395,700,000","379,700,000","387,100,000","396,700,000","393,400,000","370,800,000","371,400,000","330,900,000","328,900,000","309,300,000","373,300,000","378,600,000","362,900,000","353,600,000","371,400,000","357,000,000","356,100,000","338,200,000","342,900,000","358,700,000","357,900,000","349,200,000","348,700,000","362,000,000","373,300,000","352,700,000","333,800,000","324,700,000","313,000,000","289,700,000","272,600,000","288,200,000","276,500,000","293,300,000","337,500,000","372,700,000","384,100,000","348,500,000","364,600,000","367,000,000","363,300,000","318,400,000","314,500,000","320,500,000","307,100,000","257,200,000","250,600,000","239,600,000","222,500,000","212,400,000","214,200,000","201,900,000","191,500,000","182,700,000","165,100,000","158,300,000","158,000,000","160,800,000","166,000,000","149,900,000","147,700,000","141,800,000","153,700,000","170,700,000","200,500,000","211,000,000","258,400,000","206,600,000","197,900,000","178,000,000","164,400,000","167,000,000","160,500,000","154,000,000","1,000,000","205,000,000","198,000,000","191,300,000","191,100,000","185,200,000","175,800,000","169,000,000","175,800,000","160,700,000","156,700,000","150,300,000","153,300,000","145,600,000","139,100,000","131,400,000","378,000,000","25,200,000","3,500,000","66,500,000","476,200,000","67,300,000","59,800,000","57,400,000","453,700,000","61,000,000","48,700,000","63,600,000","464,400,000","56,000,000","69,200,000","67,100,000","709,500,000","124,300,000","118,300,000","118,900,000","123,500,000","130,700,000",,,,,,,,,,,,,,,,
OperatingExpense,"1,409,000,000","345,000,000","375,100,000","344,600,000","344,300,000","344,300,000","342,700,000","334,600,000","347,800,000","323,200,000","318,000,000","316,200,000","313,000,000","310,700,000","306,100,000","309,400,000","336,700,000","310,500,000","305,600,000","252,700,000","264,400,000","250,000,000","284,500,000","284,600,000","270,500,000","267,900,000","274,100,000","264,600,000","270,300,000","257,200,000","283,000,000","264,200,000","268,000,000","262,500,000","257,100,000","260,300,000","275,500,000","269,600,000","272,200,000","247,200,000","242,900,000","232,700,000","225,700,000","229,800,000","235,200,000","236,400,000","286,800,000","254,800,000","262,300,000","247,000,000","250,200,000","248,800,000","247,200,000","228,000,000","224,100,000","224,400,000","216,100,000","197,600,000","195,900,000","190,700,000","176,300,000","172,800,000","172,800,000","168,000,000","157,800,000","153,700,000","140,000,000","135,000,000","136,700,000","138,200,000","144,400,000","126,800,000","125,200,000","121,300,000","134,600,000","149,000,000","157,300,000","162,000,000","210,000,000","152,700,000","147,900,000","140,500,000","135,300,000","133,800,000","132,000,000","132,000,000","4,600,000","171,700,000","168,500,000","163,500,000","160,300,000","155,900,000","149,900,000","143,900,000","151,600,000","140,200,000","136,400,000","126,900,000","129,500,000","119,300,000","113,400,000","107,600,000","358,500,000","5,300,000","-13,200,000","20,600,000","436,800,000","25,600,000","20,200,000","20,200,000","460,200,000","20,100,000","2,200,000","17,600,000","382,600,000","39,000,000","21,400,000","23,100,000","754,300,000","35,000,000","33,500,000","39,200,000","26,200,000","37,900,000",,,,,,,,,,,,,,,,
	SellingGeneralAndAdministration,,,,,,,,,,,,,,,,,,,,,,,,,,,,,,,,"264,200,000","268,000,000","262,500,000","257,100,000","260,300,000","275,500,000","269,600,000","272,200,000","247,200,000","242,900,000","232,700,000","225,700,000","229,800,000","235,200,000","236,400,000","286,800,000","254,800,000","262,300,000","247,000,000","248,100,000","246,800,000","245,300,000","226,100,000","222,600,000","223,200,000","215,000,000","196,700,000","195,000,000","189,900,000","175,500,000","172,100,000","172,200,000","165,400,000","157,100,000","153,100,000","139,400,000","134,600,000","136,400,000","137,800,000","144,000,000","126,800,000","125,200,000","121,300,000","132,300,000","146,800,000","155,000,000","160,000,000","202,900,000","145,800,000","141,200,000","133,800,000","129,300,000","126,900,000","125,500,000","125,400,000","2,100,000","163,000,000","160,700,000","155,700,000","152,300,000","147,800,000","141,900,000","136,100,000","144,400,000","133,200,000","129,700,000","120,900,000","123,300,000","114,100,000","108,900,000","101,800,000","354,000,000","1,500,000",,,"415,700,000","5,300,000","5,300,000",,"438,400,000","2,100,000","2,200,000",,"365,400,000","29,400,000",,"2,100,000","765,300,000","2,800,000","2,700,000","2,700,000",,"2,500,000",,,,,,,,,,,,,,,,
	DepreciationAmortizationDepletionIncomeStatement,,,,,,,,,,,,,,,,,,,,,,,,,,,,,,,,,,,,,,,,,,,,,,,,,,,"2,100,000","2,000,000","1,900,000","1,900,000","1,500,000","1,200,000","1,100,000","900,000","900,000","800,000","800,000","700,000","600,000","800,000","700,000","600,000","600,000","400,000","300,000","400,000",,,,,"2,300,000","2,200,000","2,300,000","2,000,000","7,100,000","6,900,000","6,700,000","6,700,000","6,000,000","6,900,000","6,500,000","6,600,000","2,500,000","8,700,000","7,800,000","7,800,000","8,000,000","8,100,000","8,000,000","7,800,000","7,200,000","7,000,000","6,700,000","6,000,000","6,200,000","5,200,000","4,500,000","5,800,000","4,500,000","3,800,000","13,200,000","20,600,000","21,100,000","20,300,000","14,900,000","20,200,000","21,800,000","18,000,000",,"17,600,000","17,200,000","9,600,000","21,400,000","21,000,000","-11,000,000","32,200,000","30,800,000","36,500,000","33,300,000","35,400,000",,,,,,,,,,,,,,,,
		DepreciationAndAmortizationInIncomeStatement,,,,,,,,,,,,,,,,,,,,,,,,,,,,,,,,,,,,,,,,,,,,,,,,,,,"2,100,000","2,000,000","1,900,000","1,900,000","1,500,000","1,200,000","1,100,000","900,000","900,000","800,000","800,000","700,000","600,000","800,000","700,000","600,000","600,000","400,000","300,000","400,000",,,,,"2,300,000","2,200,000","2,300,000","2,000,000","7,100,000","6,900,000","6,700,000","6,700,000","6,000,000","6,900,000","6,500,000","6,600,000","2,500,000","8,700,000","7,800,000","7,800,000","8,000,000","8,100,000","8,000,000","7,800,000","7,200,000","7,000,000","6,700,000","6,000,000","6,200,000","5,200,000","4,500,000","5,800,000","4,500,000","3,800,000","13,200,000","20,600,000","21,100,000","20,300,000","14,900,000","20,200,000","21,800,000","18,000,000",,"17,600,000","17,200,000","9,600,000","21,400,000","21,000,000","-11,000,000","32,200,000","30,800,000","36,500,000","33,300,000","35,400,000",,,,,,,,,,,,,,,,
			Amortization,,,,,,,,,,,,,,,,,,,,,,,,,,,,,,,,,,,,,,,,,,,,,,,,,,,"2,100,000","2,000,000","1,900,000","1,900,000","1,500,000","1,200,000","1,100,000","900,000","900,000","800,000","800,000","700,000","600,000","800,000","700,000","600,000","600,000","400,000","300,000","400,000",,,,,"2,300,000","2,200,000","2,300,000","2,000,000",,,,,,,,,,,,,,,,,,,,,,,,,,,,,,,,,,,,,,,,,,,,,,,,,,,,,,,,,,,,,,
				AmortizationOfIntangiblesIncomeStatement,,,,,,,,,,,,,,,,,,,,,,,,,,,,,,,,,,,,,,,,,,,,,,,,,,,"2,100,000","2,000,000","1,900,000","1,900,000","1,500,000","1,200,000","1,100,000","900,000","900,000","800,000","800,000","700,000","600,000","800,000","700,000","600,000","600,000","400,000","300,000","400,000",,,,,"2,300,000","2,200,000","2,300,000","2,000,000",,,,,,,,,,,,,,,,,,,,,,,,,,,,,,,,,,,,,,,,,,,,,,,,,,,,,,,,,,,,,,
	OtherOperatingExpenses,"1,409,000,000","345,000,000","375,100,000",,,,,,,,,,,,,,,,,,,,,,,,,,,,,,,,,,,,,,,,,,,,,,,,,,,,,,,,,,,,"0","1,800,000",,,,,,,,,,,,,,,,,,,,,,,,,,,,,,,,,,,,,,,,,,,,,,,,,,,,,,,,,,,,,,,,,,,,,,,,,,,,
OperatingIncome,"364,300,000","71,400,000","85,400,000","101,800,000","105,700,000","74,600,000","87,300,000","89,500,000","71,300,000","61,600,000","80,400,000","81,000,000","82,700,000","69,000,000","81,000,000","87,300,000","56,700,000","60,300,000","65,800,000","78,200,000","64,500,000","59,300,000","88,800,000","94,000,000","92,400,000","85,700,000","97,300,000","92,400,000","85,800,000","81,000,000","59,900,000","94,500,000","89,900,000","86,700,000","91,600,000","101,700,000","97,800,000","83,100,000","61,600,000","77,500,000","70,100,000","57,000,000","46,900,000","58,400,000","41,300,000","56,900,000","50,700,000","117,900,000","121,800,000","101,500,000","114,400,000","118,200,000","116,100,000","90,400,000","90,400,000","96,100,000","91,000,000","59,600,000","54,700,000","48,900,000","46,200,000","39,600,000","41,400,000","33,900,000","33,700,000","29,000,000","25,100,000","23,300,000","21,300,000","22,600,000","21,600,000","23,100,000","22,500,000","20,500,000","19,100,000","21,700,000","43,200,000","49,000,000","48,400,000","53,900,000","50,000,000","37,500,000","29,100,000","33,200,000","28,500,000","22,000,000","-3,600,000","33,300,000","29,500,000","27,800,000","30,800,000","29,300,000","25,900,000","25,100,000","24,200,000","20,500,000","20,300,000","23,400,000","23,800,000","26,300,000","25,700,000","23,800,000","19,500,000","19,900,000","16,700,000","45,900,000","39,400,000","41,700,000","39,600,000","37,200,000","-6,500,000","40,900,000","46,500,000","46,000,000","81,800,000","17,000,000","47,800,000","44,000,000","-44,800,000","89,300,000","84,800,000","79,700,000","97,300,000","92,800,000","538,200,000","489,800,000","-919,600,000","419,900,000","392,800,000","371,400,000","-769,900,000","340,900,000","321,600,000","261,400,000","-165,500,000","81,200,000","71,600,000","65,100,000","-98,600,000","48,400,000"
NetNonOperatingInterestIncomeExpense,"-73,500,000","-16,800,000","-18,800,000","-18,500,000","-19,400,000","-20,400,000","-19,800,000","-19,300,000","-19,000,000","-18,200,000","-19,000,000","-18,900,000","-17,900,000","-18,900,000","-19,000,000","-19,800,000","-19,800,000","-20,100,000","-21,100,000","-15,800,000","-12,700,000","-14,200,000","-15,700,000","-11,100,000","-10,100,000","-11,200,000","-11,200,000","-11,300,000","-11,300,000","-13,600,000","-16,200,000","-16,600,000","-14,800,000","-12,100,000","-12,000,000","-12,500,000","-12,800,000","-12,800,000","-12,300,000","-12,500,000","-13,200,000","-15,600,000","-16,900,000","-17,400,000","-17,300,000","-14,500,000",,,,,,,,,,,,,,,,,,,,,,,,,,,,,,,,,,,,,,,,,,,,,,,,,,,,,,,,,,,,,,,,,,,,,,,,,,,,,,,,,,,,,,,,,,,,,,
	InterestExpenseNonOperating,"73,500,000","16,800,000","18,800,000","18,500,000","19,400,000","20,400,000","19,800,000","19,300,000","19,000,000","18,200,000","19,000,000","18,900,000","17,900,000","18,900,000","19,000,000","19,800,000","19,800,000","20,100,000","21,100,000","15,800,000","12,700,000","14,200,000","15,700,000","11,100,000","10,100,000","11,200,000","11,200,000","11,300,000","11,300,000","13,600,000","16,200,000","16,600,000","14,800,000","12,100,000","12,000,000","12,500,000","12,800,000","12,800,000","12,300,000","12,500,000","13,200,000","15,600,000","16,900,000","17,400,000","17,300,000","14,500,000",,,,,,,,,,,,,,,,,,,,,,,,,,,,,,,,,,,,,,,,,,,,,,,,,,,,,,,,,,,,,,,,,,,,,,,,,,,,,,,,,,,,,,,,,,,,,,
OtherIncomeExpense,"-5,400,000","-6,600,000","3,100,000","-1,200,000","-700,000","2,300,000","-7,600,000","-1,600,000","-3,300,000","2,300,000","100,000","300,000","-1,000,000","-200,000","-3,400,000","-2,100,000","-800,000","-2,800,000","-8,100,000","-5,500,000","-3,500,000","-4,000,000","-2,600,000","-2,500,000","-2,600,000","-10,300,000","-5,500,000","-1,700,000","-4,000,000","-1,900,000","-23,100,000","-30,400,000","-5,500,000","-3,100,000","-2,400,000","-5,900,000","-1,700,000","600,000","-1,300,000","-1,200,000","800,000","-31,600,000","-18,200,000","700,000","-103,300,000","600,000","-16,700,000","-5,200,000","-3,600,000","-300,000","300,000","200,000","2,400,000","300,000","4,900,000","1,100,000","-1,600,000","-100,000","-1,300,000","-300,000","-1,500,000","-1,700,000","5,100,000","-4,300,000","-3,100,000","-3,100,000","300,000",,"-5,200,000","-1,700,000","-600,000","-2,000,000","2,900,000",,"-2,300,000","-34,900,000","-3,400,000","-5,000,000","-12,200,000","-500,000","1,000,000","-200,000","500,000","-100,000",,"100,000","3,100,000","-5,200,000","15,900,000","8,400,000","-200,000",,,"2,200,000","2,700,000","1,900,000","900,000","800,000","4,100,000","-3,600,000","-2,700,000","1,800,000","-22,200,000","1,800,000","16,400,000","5,200,000","27,500,000","51,300,000",,,"4,600,000",,"-21,800,000",,,,,,,,,,,,,,,,,,,,,,,,,,,
	GainOnSaleOfSecurity,"-6,200,000","-4,500,000","500,000","-1,900,000","-300,000",,"-2,000,000","-2,500,000","-3,900,000","200,000","-300,000","-1,100,000","-1,300,000","-700,000","-2,800,000","-3,500,000","-1,400,000","-3,100,000","-7,300,000","-4,500,000","-2,400,000","-4,300,000","-2,700,000","-2,400,000","-1,900,000",,,,,,,,,,,,,,,,,,,,,,,,,,,,,,,,,,,,,,,,,,,,,,,,,,,,,,,,,,,,,,,,,,,,,,,,,,,,,,,,,,,,,,,,,,,,,,,,,,,,,,,,,,,,,,,,,,,
	SpecialIncomeCharges,,,,,,,,,,,,,,,,,,,,,,,,,,,"-1,700,000","0",,,"-9,500,000","-30,400,000","-5,500,000","-3,100,000","-2,400,000","-5,900,000","-1,700,000","600,000","-1,300,000","-1,200,000","800,000","-31,600,000","-18,200,000","700,000","-103,300,000","600,000","-16,700,000","-5,200,000","-3,600,000","-300,000","300,000","200,000","2,400,000","300,000","4,900,000","1,100,000","-1,600,000","-100,000","-1,300,000","-300,000","-1,500,000","-1,700,000","5,100,000","-4,300,000","-3,100,000","-3,100,000","300,000",,"-5,200,000","-1,700,000","-600,000","-2,000,000","2,900,000",,"-2,300,000","-34,900,000","-3,400,000","-5,000,000","-12,200,000","-500,000","1,000,000","-200,000","500,000","-100,000",,"100,000","3,100,000","-5,200,000","15,900,000","8,400,000","-200,000",,,"2,200,000","2,700,000","1,900,000","900,000","800,000","4,100,000","-3,600,000","-2,700,000","1,800,000","-22,200,000","1,800,000","16,400,000","5,200,000","27,500,000","51,300,000",,,"4,600,000",,"-21,800,000",,,,,,,,,,,,,,,,,,,,,,,,,,,
		RestructuringAndMergernAcquisition,,,,,,,,,,,,,,,,,,,,,,,,,,,,,,,,,,,,,,,,,,,,,,,,,,,,,,,,,,,,,,,,,,,,,,,,,,,"0","31,700,000",,,,,,,,,,,,,,,,,,,,,,,,,,,,,,,,,,,,,,,,,,,,,,,,,,,,,,,,,,,,,,,,
		ImpairmentOfCapitalAssets,,,,,,,,,,,,,,,,,,,,,,,,,,,"1,700,000","0",,,"21,300,000","27,200,000",,,,,,,"0","0","0",,"0","0","100,000,000",,,,,,,,,,,,,,,,,,,,,,,,,,,,,,,,,,,,,,,,,,,,,,,,,,,,,,,,,,,,,,,,,,,,,,,,,,,,,,,,,,,,,,,,,,,,,,,
		OtherSpecialCharges,,,,,,,,,,,,,,,,,,,,,,,,,,,,,,,,"3,200,000",,,,,,,"1,300,000","1,200,000","-800,000",,"18,200,000","-700,000","3,300,000",,,,,,,,,,,,,,,,,,,,,,,,,,,,,,"2,300,000","3,200,000",,,,,,,,,,,,,,,,,,,,,,,,,,,,,,,,,,,,,,,,,,,,,,,,,,,,,,,,,,,,,,,,
	OtherNonOperatingIncomeExpenses,"800,000","-2,100,000","2,600,000","700,000","-400,000","2,300,000","-1,000,000","900,000","600,000","2,100,000","400,000","1,400,000","300,000","500,000","-600,000","1,400,000","600,000","300,000","-800,000","-1,000,000","-1,100,000","300,000","100,000","-100,000","-700,000","-10,300,000","7,100,000","-1,700,000","-4,000,000","-1,900,000","-1,800,000",,,,,,,,,,,,,,,,,,,,,,,,,,,,,,,,,,,,,,,,,,,,,,,,,,,,,,,,,,,,,,,,,,,,,,,,,,,,,,,,,,,,,,,,,,,,,,,,,,,,,,,,,,,,,
PretaxIncome,"285,400,000","48,000,000","69,700,000","82,100,000","85,600,000","56,000,000","59,900,000","68,600,000","49,000,000","45,700,000","61,500,000","62,400,000","63,800,000","49,900,000","58,600,000","65,400,000","36,100,000","37,400,000","36,600,000","56,900,000","48,300,000","41,100,000","70,500,000","80,400,000","79,700,000","64,200,000","80,600,000","79,400,000","70,500,000","65,500,000","20,600,000","47,500,000","69,600,000","71,500,000","77,200,000","83,300,000","83,300,000","70,900,000","48,000,000","63,800,000","57,700,000","9,800,000","11,800,000","41,700,000","-79,300,000","43,000,000","20,600,000","100,700,000","107,100,000","89,700,000","103,000,000","106,900,000","107,400,000","80,200,000","77,200,000","94,300,000","80,500,000","51,000,000","45,100,000","41,700,000","37,900,000","32,700,000","42,000,000","28,100,000","27,600,000","22,900,000","22,500,000","20,100,000","12,800,000","17,500,000","17,400,000","18,000,000","21,300,000","15,800,000","11,400,000","-19,700,000","30,900,000","36,000,000","26,800,000","40,900,000","39,200,000","27,700,000","19,700,000","24,200,000","21,000,000","13,300,000","-7,100,000","18,900,000","36,600,000","28,100,000","20,700,000","20,300,000","18,700,000","19,900,000","15,800,000","15,500,000","14,800,000","18,700,000","19,400,000","16,700,000","17,600,000","20,700,000","22,600,000","17,000,000","26,800,000","8,200,000","-8,100,000","58,100,000","-800,000","-2,100,000","-54,800,000","-1,500,000","-19,100,000",,"-43,900,000","-35,000,000","-1,900,000","-700,000","-83,400,000","15,800,000","16,900,000","11,100,000","19,600,000","20,300,000",,,,,,,,,,,,,,,,
TaxProvision,"25,900,000","12,300,000","-31,300,000","22,800,000","22,100,000","16,900,000","18,100,000","21,000,000","14,200,000","13,600,000","61,100,000","24,800,000","23,700,000","19,000,000","21,800,000","25,100,000","15,300,000","14,200,000","31,100,000","21,500,000","18,800,000","14,600,000","29,400,000","27,900,000","25,900,000","16,800,000","22,400,000","25,700,000","24,600,000","22,900,000","15,400,000","27,700,000","25,600,000","15,900,000","27,400,000","21,700,000","31,200,000","26,600,000","16,500,000","27,300,000","23,100,000","3,900,000","-900,000","19,600,000","10,500,000","17,300,000","11,200,000","39,000,000","40,200,000","32,000,000","32,500,000","42,100,000","42,800,000","26,600,000","24,800,000","18,100,000","31,100,000","19,700,000","25,000,000","16,600,000","13,500,000","12,300,000","16,400,000","10,900,000","10,800,000","8,900,000","9,400,000","8,800,000","5,500,000","7,300,000","7,000,000","7,200,000","8,500,000","6,300,000","5,700,000","-8,000,000","12,200,000","15,000,000","10,900,000","16,900,000","16,500,000","11,600,000","8,200,000","-14,100,000","8,800,000","5,600,000","-3,000,000","8,000,000","15,100,000","11,700,000","8,200,000","9,000,000","8,300,000","8,800,000","6,700,000","6,900,000","6,700,000","8,400,000","9,400,000","7,600,000","8,700,000","9,600,000","6,600,000","6,300,000","10,000,000","6,400,000","-2,800,000","28,500,000","2,300,000","1,700,000","-21,700,000","200,000","1,400,000",,"-9,100,000","1,400,000","2,400,000","700,000","-30,400,000","8,400,000","8,500,000","6,600,000","13,200,000","9,700,000",,,,,,,,,,,,,,,,
NetIncomeCommonStockholders,"259,500,000","35,700,000","101,000,000","59,300,000","63,500,000","39,100,000","41,800,000","47,600,000","34,800,000","32,100,000","400,000","37,600,000","40,100,000","30,900,000","36,800,000","40,400,000","20,500,000","22,800,000","4,600,000","32,500,000","71,400,000","19,100,000","41,100,000","52,500,000","53,800,000","47,400,000","58,100,000","53,800,000","46,100,000","42,500,000","5,100,000","20,500,000","43,900,000","55,300,000","48,300,000","43,500,000","52,100,000","44,300,000","31,500,000","36,500,000","34,600,000","5,900,000","12,700,000","22,100,000","-89,800,000","25,700,000","9,400,000","61,700,000","66,900,000","57,700,000","70,500,000","64,800,000","64,600,000","53,600,000","52,400,000","76,200,000","49,400,000","31,300,000","20,100,000","25,100,000","24,400,000","20,400,000","25,600,000","17,200,000","16,800,000","18,100,000","13,100,000","11,300,000","7,300,000","10,200,000","10,200,000","11,600,000","12,400,000","8,900,000","3,400,000","-11,900,000","17,900,000","21,000,000","15,900,000","24,000,000","22,700,000","16,100,000","14,700,000","44,200,000","13,200,000","52,100,000","3,600,000","13,000,000","21,500,000","27,500,000","12,500,000","11,300,000","10,400,000","11,100,000","9,100,000","8,600,000","8,100,000","10,300,000","10,000,000","9,100,000","8,900,000","11,100,000","13,000,000","215,700,000","16,400,000","1,800,000","-21,400,000","29,600,000","-4,600,000","-6,600,000","-39,500,000","-5,600,000","-45,300,000","-15,400,000","-41,300,000","-55,500,000","-5,800,000","-26,500,000","110,700,000","5,900,000","6,900,000","3,000,000","4,900,000","9,100,000",,,,,,,,,,,,,,,,
	NetIncome,"259,500,000","35,700,000","101,000,000","59,300,000","63,500,000","39,100,000","41,800,000","47,600,000","34,800,000","32,100,000","400,000","37,600,000","40,100,000","30,900,000","36,800,000","40,400,000","20,500,000","22,800,000","4,600,000","32,500,000","71,400,000","19,100,000","41,100,000","52,500,000","53,800,000","47,400,000","58,100,000","53,800,000","46,100,000","42,500,000","5,100,000","20,500,000","43,900,000","55,300,000","48,300,000","43,500,000","52,100,000","44,300,000","31,500,000","36,500,000","34,600,000","5,900,000","12,700,000","22,100,000","-89,800,000","25,700,000","9,400,000","61,700,000","66,900,000","57,700,000","70,500,000","64,800,000","64,600,000","53,600,000","52,400,000","76,200,000","49,400,000","31,300,000","20,100,000","25,100,000","24,400,000","20,400,000","25,600,000","17,200,000","16,800,000","18,100,000","13,100,000","11,300,000","7,300,000","10,200,000","10,200,000","11,600,000","12,400,000","8,900,000","3,400,000","-11,900,000","17,900,000","21,000,000","15,900,000","24,000,000","22,700,000","16,100,000","14,700,000","44,200,000","13,200,000","52,100,000","3,600,000","13,000,000","21,500,000","27,500,000","12,500,000","11,300,000","10,400,000","11,100,000","9,100,000","8,600,000","8,100,000","10,300,000","10,000,000","9,100,000","8,900,000","11,100,000","13,000,000","215,700,000","16,400,000","1,800,000","-21,300,000","29,600,000","-3,100,000","-5,100,000","-39,500,000","-5,600,000","-45,300,000","-13,900,000","-39,800,000","-53,900,000","-4,300,000","-25,000,000","112,200,000","7,400,000","8,400,000","4,500,000","6,400,000","10,600,000",,,,,,,,,,,,,,,,
		NetIncomeIncludingNoncontrollingInterests,"259,500,000","35,700,000","101,000,000","59,300,000","63,500,000","39,100,000","41,800,000","47,600,000","34,800,000","32,100,000","400,000","37,600,000","40,100,000","30,900,000","36,800,000","40,400,000","20,500,000","22,800,000","4,600,000","32,500,000","71,400,000","19,100,000","41,100,000","52,500,000","53,800,000","47,400,000","58,100,000","53,800,000","46,100,000","42,500,000","5,100,000","20,500,000","43,900,000","55,300,000","48,300,000","43,500,000","52,100,000","44,300,000","31,500,000","36,500,000","34,600,000","5,900,000","12,700,000","22,100,000","-89,800,000","25,700,000","9,400,000","61,700,000","66,900,000","57,700,000","70,500,000","64,800,000","64,600,000","53,600,000","52,400,000","76,200,000","49,400,000","31,300,000","20,100,000","25,100,000","24,400,000","20,400,000","25,600,000","17,200,000","16,800,000","18,100,000","13,100,000","11,300,000","7,300,000","10,200,000","10,200,000","11,600,000","12,400,000","8,900,000","3,400,000","-11,900,000","17,900,000","21,000,000","15,900,000","24,000,000","22,700,000","16,100,000","14,700,000","44,200,000","13,200,000","52,100,000","3,600,000","13,000,000","21,500,000","27,500,000","12,500,000","11,300,000","10,400,000","11,100,000","9,100,000","8,600,000","8,100,000","10,300,000","10,000,000","9,100,000","8,900,000","11,100,000","13,000,000","215,700,000","16,400,000","1,800,000","-21,300,000","29,600,000","-3,100,000","-5,100,000","-39,500,000","-5,600,000","-45,300,000","-13,900,000","-39,800,000","-53,900,000","-4,300,000","-25,000,000","112,200,000","7,400,000","8,400,000","4,500,000","6,700,000","12,700,000","8,600,000","4,300,000","200,000","12,800,000","8,600,000","3,200,000","6,400,000","6,400,000","9,600,000","-6,800,000","1,800,000","4,400,000","-2,300,000","-6,000,000","-3,300,000",
			NetIncomeContinuousOperations,"259,500,000","35,700,000","101,000,000","59,300,000","63,500,000","39,100,000","41,800,000","47,600,000","34,800,000","32,100,000","400,000","37,600,000","40,100,000","30,900,000","36,800,000","40,300,000","20,800,000","23,200,000","5,500,000","35,400,000","29,500,000","26,500,000","41,100,000","52,500,000","53,800,000","47,400,000","58,200,000","53,700,000","45,900,000","42,600,000","5,200,000","19,800,000","44,000,000","55,600,000","49,800,000","61,600,000","52,100,000","44,300,000","31,500,000","36,500,000","34,600,000","5,900,000","12,700,000","22,100,000","-89,800,000","25,700,000","9,400,000","61,700,000","66,900,000","57,700,000","70,500,000","64,800,000","64,600,000","53,600,000","52,400,000","76,200,000","49,400,000","31,300,000","20,100,000","25,100,000","24,400,000","20,400,000","25,600,000","17,200,000","16,800,000","14,000,000","13,100,000","11,300,000","7,300,000","10,200,000","10,400,000","10,800,000","12,800,000","9,500,000","5,700,000","-11,700,000","18,700,000","21,000,000","15,900,000","24,000,000","22,700,000","16,100,000","11,500,000","38,300,000","12,200,000","7,700,000","-4,100,000","10,900,000","21,500,000","16,400,000","12,500,000","11,300,000","10,400,000","11,100,000","9,100,000","8,600,000","8,100,000","10,300,000","10,000,000","9,100,000","8,900,000","11,100,000","16,000,000","10,700,000","16,800,000","1,800,000","-5,300,000","29,600,000","-3,100,000","-3,800,000","-33,100,000","-1,700,000","-20,500,000","-4,500,000","-34,800,000","-36,400,000","-4,300,000","-1,400,000","-53,000,000","7,400,000","8,400,000","4,500,000","6,400,000","10,600,000","8,600,000","4,300,000","200,000","12,800,000","8,600,000","3,200,000","6,400,000","6,400,000","9,600,000","-6,800,000","1,800,000","4,400,000","-2,300,000","-6,000,000","1,100,000",
			NetIncomeDiscontinuousOperations,,,,,,,,,,,,"0","0","0","0","100,000","-300,000","-400,000","-900,000","-2,900,000","41,900,000","-7,400,000",,,,,"-100,000","100,000","200,000","-100,000","-100,000","700,000","-100,000","-300,000","-1,500,000","-18,100,000",,,,,,,,,,,,,,,,,,,,,,,,,,,,,,,,,,,,,,,,,,,,,,,"3,200,000","5,900,000","1,000,000","44,400,000","7,700,000","2,100,000",,"11,100,000",,,,,,,,,,,,,"-3,000,000","205,000,000",,,"0",,,"-1,300,000","-15,000,000","-3,300,000","-700,000","-5,100,000","-5,000,000","-17,500,000",,"-23,600,000",,,,,,,,,,,,,,,,,,,,,"-4,400,000","700,000"
			NetIncomeExtraordinary,,,,,,,,,,,,,,,,,,,,,,,,,,,,,,,,,,,,,,,,,,,,,,,,,,,,,,,,,,,,,,,,,,,,,,,,,,,"-2,300,000","-200,000","-800,000",,,,,,,,,,,,,,,,,,,,,,,,,,,,,,,,,,,,,,,,,,,,,,,,,,,,,,,,,,,,,,,
			NetIncomeFromTaxLossCarryforward,,,,,,,,,,,,,,,,,,,,,,,,,,,,,,,,,,,,,,,,,,,,,,,,,,,,,,,,,,,,,,,"0",,,"4,100,000",,,,,"-200,000","800,000","-400,000","-600,000",,,,,,,,,,,,,,,,,,,,,,,,,,,,,,,"-400,000",,,,,,"8,600,000","-600,000","-24,100,000","-4,300,000",,,,,,,,,,,,,,,,,,,,,,,,,,
		MinorityInterests,,,,,,,,,,,,,,,,,,,,,,,,,,,,,,,,,,,,,,,,,,,,,,,,,,,,,,,,,,,,,,,,,,,,,,,,,,,,,,,,,,,,,,,,,,,,,,,,,,,,,,,,,,,,,,,,,,,,,,,,,,,"-300,000","-2,100,000",,,,,,,,,,,,,,,,
	PreferredStockDividends,,,,,,,,,,,,,,,,,,,,,,,,,,,,,,,,,,,,,,,,,,,,,,,,,,,,,,,,,,,,,,,,,,,,,,,,,,,,,,,,,,,,,,,,,,,,,,,,,,,,,,,,,,,"100,000",,"1,500,000","1,500,000",,,,"1,500,000","1,500,000","1,600,000","1,500,000","1,500,000","1,500,000","1,500,000","1,500,000","1,500,000","1,500,000","1,500,000",,,,,,,,,,,,,,,,
DilutedNIAvailtoComStockholders,"259,500,000","35,700,000","101,000,000","59,300,000","63,500,000","39,100,000","41,800,000","47,600,000","34,800,000","32,100,000","400,000","37,600,000","40,100,000","30,900,000","36,800,000","40,400,000","20,500,000","22,800,000","4,600,000","32,500,000","71,400,000","19,100,000","41,100,000","52,500,000","53,800,000","47,400,000","58,100,000","53,800,000","46,100,000","42,500,000","5,100,000","20,500,000","43,900,000","55,300,000","48,300,000","43,500,000","52,100,000","44,300,000","31,500,000","36,500,000","34,600,000","5,900,000","12,700,000","22,100,000","-89,800,000","25,700,000","9,400,000","61,700,000","66,900,000","57,700,000","70,500,000","64,800,000","64,600,000","53,600,000","52,400,000","76,200,000","49,400,000","31,300,000","20,100,000","25,100,000","24,400,000","20,400,000","25,600,000","17,200,000","16,800,000","18,100,000","13,100,000","11,300,000","7,300,000","10,200,000","10,200,000","11,600,000","12,400,000","8,900,000","3,400,000","-11,900,000","17,900,000","21,000,000","15,900,000","24,000,000","22,700,000","16,100,000","14,700,000","44,200,000","13,200,000","52,100,000","3,600,000","13,000,000","21,500,000","27,500,000","12,500,000","11,300,000","10,400,000","11,100,000","9,100,000","8,600,000","8,100,000","10,300,000","10,000,000","9,100,000","8,900,000","11,100,000","13,000,000","215,700,000","16,400,000","1,800,000","-21,400,000","29,600,000","-4,600,000","-6,600,000","-39,500,000","-5,600,000","-45,300,000","-15,400,000","-41,300,000","-55,500,000","-5,800,000","-26,500,000","110,700,000","5,900,000","6,900,000","3,000,000","4,900,000","9,100,000",,,,,,,,,,,,,,,,
BasicEPS,,"1.04","2.95","1.74","1.86","1.15","1.23","1.41","1.03","0.95","0.01","1.12","1.19","0.92","1.1","1.21","0.61","0.69","0.14","0.97","2.15","0.58","1.24","1.59","1.63","1.44","1.77","1.64","1.41","1.3","0.16","0.62","1.31","1.66",,"1.27","1.5","1.29",,"1.07","1.02","0.17",,"0.63","-2.53","0.72",,"1.75","1.89","1.61",,"1.73","1.74","1.42",,"1.95","1.27","0.81",,"0.66","0.64","0.54",,"0.46","0.46","0.49",,"0.31","0.2","0.28",,"0.31","0.34","0.24",,"-0.33","0.5","0.57",,"0.65","0.62","0.45",,"1.23","0.36","1.25",,"0.3","0.46","0.58",,"0.24","0.22","0.23",,"0.18","0.16","0.2",,"0.17","0.16","0.19",,"3.44","0.25","0.03",,"0.49","-0.08","-0.12",,"-0.13","-0.79","-0.25",,"-0.85","-0.09","-0.38",,"0.06","0.07","0.03",,"0.09","0.08","0.03",,"0.2","0.09",,,"0.04","0.1","-0.28",,"0.07","-0.06","-0.2",,"-0.01"
DilutedEPS,,"1.03","2.93","1.73","1.86","1.14","1.22","1.4","1.02","0.94","0.01","1.11","1.18","0.91","1.09","1.21","0.61","0.68","0.14","0.97","2.14","0.57","1.23","1.57","1.61","1.43","1.75","1.62","1.4","1.27","0.15","0.61","1.28","1.61",,"1.26","1.43","1.23",,"1.03","0.98","0.16",,"0.61","-2.53","0.72",,"1.58","1.71","1.45",,"1.51","1.53","1.27",,"1.76","1.15","0.74",,"0.62","0.61","0.51",,"0.41","0.44","0.48",,"0.31","0.2","0.27",,"0.3","0.33","0.23",,"-0.33","0.47","0.53",,"0.59","0.6","0.44",,"1.2","0.36","1.25",,"0.29","0.46","0.58",,"0.24","0.22","0.23",,"0.17","0.16","0.2",,"0.17","0.16","0.19",,"3.44","0.25","0.03",,"0.44","-0.08","-0.12",,"-0.13","-0.79","-0.25",,"-0.85","-0.09","-0.38",,"0.06","0.07","0.03",,"0.09","0.08","0.03",,"0.2","0.09",,,"0.04","0.1","-0.28",,"0.07","-0.06","-0.2",,"-0.01"
BasicAverageShares,,"34,300,000","34,200,000","34,200,000","34,100,000","33,900,000","33,900,000","33,800,000","33,800,000","33,700,000","33,600,000","33,600,000","33,600,000","33,500,000","33,400,000","33,400,000","33,400,000","33,300,000","33,300,000","33,300,000","33,200,000","33,200,000","33,100,000","33,100,000","33,000,000","32,900,000","32,800,000","32,800,000","32,800,000","32,600,000","32,500,000","33,000,000","33,500,000","33,300,000",,"34,300,000","34,800,000","34,500,000",,"34,000,000","33,900,000","34,200,000",,"34,900,000","35,500,000","35,400,000",,"35,200,000","35,400,000","35,900,000",,"37,456,647","37,126,437","37,800,000",,"39,076,923","38,897,638","38,641,975",,"38,030,303","38,125,000","37,600,000",,"37,391,304","36,521,739","36,500,000",,"36,451,613","36,500,000","36,900,000",,"37,419,355","36,470,588","36,600,000",,"36,060,606","35,800,000","36,894,000",,"36,923,077","36,612,903","35,777,778",,"35,934,959","36,666,667","41,680,000",,"43,333,333","46,739,130","47,413,793",,"47,083,333","47,272,727","48,260,870",,"47,777,778","50,625,000","51,500,000",,"53,529,412","55,625,000","58,421,053",,"62,703,488","65,600,000","60,000,000",,"60,408,163","57,500,000","55,000,000",,"43,076,923","57,341,772","61,600,000",,"65,294,118","64,444,444","69,736,842",,"98,333,333","98,571,429","100,000,000",,"101,111,111","96,568,000","96,568,000",,"53,208,000","53,088,000","53,088,000",,"54,400,000","44,644,000","36,580,000",,"29,862,000","29,862,000","29,860,000",,"29,902,000"
DilutedAverageShares,,"34,600,000","34,500,000","34,300,000","34,200,000","34,200,000","34,100,000","34,100,000","34,100,000","34,100,000","34,000,000","34,000,000","34,000,000","33,900,000","33,800,000","33,600,000","33,500,000","33,400,000","33,500,000","33,400,000","33,400,000","33,400,000","33,400,000","33,400,000","33,300,000","33,300,000","33,200,000","33,100,000","33,000,000","33,500,000","33,100,000","33,500,000","34,300,000","34,300,000",,"34,600,000","36,300,000","36,100,000",,"35,400,000","35,400,000","35,800,000",,"36,200,000","35,500,000","35,800,000",,"39,100,000","35,400,000","39,800,000",,"42,913,907","42,222,222","42,000,000",,"43,295,455","42,956,522","42,297,297",,"40,483,871","40,000,000","41,200,000",,"41,951,220","38,181,818","37,600,000",,"36,451,613","36,500,000","37,800,000",,"38,666,667","37,575,758","38,000,000",,"36,060,606","38,085,106","43,888,000",,"40,677,966","37,833,333","36,590,909",,"36,833,333","36,666,667","41,680,000",,"44,827,586","46,739,130","47,413,793",,"47,083,333","47,272,727","48,260,870",,"50,588,235","50,625,000","51,500,000",,"53,529,412","55,625,000","58,421,053",,"62,703,488","65,600,000","60,000,000",,"67,272,727","57,500,000","55,000,000",,"43,076,923","57,341,772","61,600,000",,"65,294,118","64,444,444","69,736,842",,"98,333,333","98,571,429","100,000,000",,"101,111,111","96,568,000","96,568,000",,"53,208,000","53,088,000","53,088,000",,"54,400,000","44,644,000","36,580,000",,"29,862,000","29,862,000","29,860,000",,"29,902,000"
TotalOperatingIncomeAsReported,"364,300,000","71,400,000","85,400,000","101,800,000","105,700,000","74,600,000","87,300,000","89,500,000","71,300,000","61,600,000","80,400,000","81,000,000","82,700,000","69,000,000","81,000,000","87,300,000","56,700,000","60,300,000","65,800,000","78,200,000","64,500,000","59,300,000","88,800,000","94,000,000","92,400,000","85,700,000","95,600,000","92,400,000","85,800,000","81,000,000","38,600,000","67,300,000","89,900,000","86,700,000",,"101,700,000","97,800,000","83,100,000",,"77,500,000","70,100,000","57,000,000",,"58,400,000","-58,700,000",,,,,,,,,,,,,,,,,,,,,,,,,,,,,,,,,,,,,,,,,,,,,,,,,,,,,,,,,,,,,,,,,,,,,,,,,,,,,,,,,,,,,,,,,,,,,,,
TotalExpenses,"8,444,500,000","2,000,300,000","2,166,900,000","2,120,400,000","2,156,900,000","2,033,900,000","2,031,800,000","2,089,500,000","2,066,600,000","1,902,600,000","1,933,400,000","1,935,400,000","1,918,700,000","1,826,800,000","1,813,600,000","1,869,000,000","1,899,000,000","1,755,900,000","1,770,000,000","1,411,000,000","1,415,900,000","1,325,800,000","1,580,300,000","1,572,600,000","1,493,600,000","1,438,100,000","1,501,200,000","1,465,200,000","1,493,700,000","1,409,900,000","1,484,500,000","1,514,500,000","1,487,100,000","1,436,000,000","1,407,400,000","1,510,100,000","1,515,000,000","1,434,400,000","1,372,800,000","1,320,400,000","1,297,100,000","1,215,600,000","1,170,700,000","1,214,600,000","1,179,300,000","1,214,300,000","1,407,900,000","1,471,700,000","1,495,000,000","1,370,100,000","1,377,100,000","1,403,000,000","1,395,400,000","1,238,300,000","1,207,400,000","1,234,400,000","1,148,800,000","1,010,900,000","970,900,000","960,300,000","889,900,000","836,900,000","806,900,000","815,700,000","779,400,000","735,200,000","639,700,000","630,100,000","623,500,000","639,600,000","640,200,000","603,200,000","594,800,000","594,200,000","643,500,000","739,800,000","796,600,000","831,000,000","859,500,000","902,000,000","855,500,000","707,600,000","676,900,000","677,200,000","630,000,000","573,100,000","15,700,000","771,200,000","753,900,000","720,700,000","706,600,000","697,200,000","656,700,000","633,600,000","640,400,000","611,000,000","591,500,000","544,000,000","555,000,000","544,800,000","516,300,000","479,100,000","471,100,000","436,400,000","406,200,000","492,900,000","469,100,000","451,000,000","436,900,000","394,300,000","345,000,000","407,500,000","403,200,000","399,500,000","352,900,000","414,900,000","427,800,000","393,700,000","315,200,000","477,400,000","491,600,000","483,300,000","452,800,000","450,200,000",,,,,,,,,,,,,,,,
NetIncomeFromContinuingAndDiscontinuedOperation,"259,500,000","35,700,000","101,000,000","59,300,000","63,500,000","39,100,000","41,800,000","47,600,000","34,800,000","32,100,000","400,000","37,600,000","40,100,000","30,900,000","36,800,000","40,400,000","20,500,000","22,800,000","4,600,000","32,500,000","71,400,000","19,100,000","41,100,000","52,500,000","53,800,000","47,400,000","58,100,000","53,800,000","46,100,000","42,500,000","5,100,000","20,500,000","43,900,000","55,300,000","48,300,000","43,500,000","52,100,000","44,300,000","31,500,000","36,500,000","34,600,000","5,900,000","12,700,000","22,100,000","-89,800,000","25,700,000","9,400,000","61,700,000","66,900,000","57,700,000","70,500,000","64,800,000","64,600,000","53,600,000","52,400,000","76,200,000","49,400,000","31,300,000","20,100,000","25,100,000","24,400,000","20,400,000","25,600,000","17,200,000","16,800,000","14,000,000","13,100,000","11,300,000","7,300,000","10,200,000","10,400,000","10,800,000","12,800,000","9,500,000","5,700,000","-11,700,000","18,700,000","21,000,000","15,900,000","24,000,000","22,700,000","16,100,000","14,700,000","44,200,000","13,200,000","52,100,000","3,600,000","13,000,000","21,500,000","27,500,000","12,500,000","11,300,000","10,400,000","11,100,000","9,100,000","8,600,000","8,100,000","10,300,000","10,000,000","9,100,000","8,900,000","11,100,000","13,000,000","215,700,000","16,800,000","1,800,000","-5,300,000","29,600,000","-3,100,000","-5,100,000","-48,100,000","-5,000,000","-21,200,000","-9,600,000","-39,800,000","-53,900,000","-4,300,000","-25,000,000","112,200,000","7,400,000","8,400,000","4,500,000","6,400,000","10,600,000",,,,,,,,,,,,,,,,
NormalizedIncome,"265,137,351.086","39,043,500","100,700,000","60,671,800","63,722,600","39,100,000","43,195,659.432","49,335,000","37,569,000","31,959,400","580,000","38,263,300","40,916,400","31,333,300","38,558,361.775","42,456,000","21,640,000","25,125,100","9,880,000","38,199,000","30,968,800","29,269,200","42,720,000","54,064,800","55,082,500","47,400,000","59,427,543.424","53,700,000","45,900,000","42,600,000","11,375,000","39,560,000","47,477,011.494","58,010,629.371","51,348,186.528","65,963,025.21","53,163,265.306","43,925,105.783","32,353,125","37,280,000","34,120,000","24,924,489.796","24,530,000","21,645,000","-22,655,000","25,340,000","20,255,000","64,886,097.319","69,148,739.496","57,892,976.589","70,294,660.194","64,678,765.201","63,156,424.581","53,399,501.247","49,074,093.264","75,311,134.677","50,381,863.354","31,361,372.549","20,880,000","25,280,575.54","25,365,699.208","21,460,550.459","22,491,428.571","19,832,028.47","18,686,956.522","15,895,196.507","12,920,000","11,300,000","10,420,000","11,220,000","10,760,000","12,000,000","11,057,276.995","9,500,000","7,080,000","9,240,000","20,757,605.178","24,000,000","23,220,000","24,300,000","22,100,000","16,220,000","11,200,000","38,360,000","12,200,000","7,640,000","-5,960,000","14,020,000","11,960,000","11,360,000","12,620,772.947","11,300,000","10,400,000","9,780,000","7,480,000","7,460,000","7,560,000","9,820,000","7,540,000","11,260,000","10,520,000","10,020,000","31,716,814.159","9,567,058.824","6,519,402.985","-1,320,000","-23,293,827.16","-1,180,000","-3,100,000","-3,800,000","-35,878,467.153","-1,700,000","-7,420,000","-4,500,000","-34,800,000","-36,400,000","-4,300,000","-1,400,000","-53,000,000","7,400,000","8,400,000","4,500,000","6,400,000","10,600,000",,,,,,,,,,,,,,,,
InterestExpense,"73,500,000","16,800,000","18,800,000","18,500,000","19,400,000","20,400,000","19,800,000","19,300,000","19,000,000","18,200,000","19,000,000","18,900,000","17,900,000","18,900,000","19,000,000","19,800,000","19,800,000","20,100,000","21,100,000","15,800,000","12,700,000","14,200,000","15,700,000","11,100,000","10,100,000","11,200,000","11,200,000","11,300,000","11,300,000","13,600,000","16,200,000","16,600,000","14,800,000","12,100,000","12,000,000","12,500,000","12,800,000","12,800,000","12,300,000","12,500,000","13,200,000","15,600,000","16,900,000","17,400,000","17,300,000","14,500,000",,,,,,,,,,,,,,,,,,,,,,,,,,,,,,,,,,,,,,,,,,,,,,,,,,,,,,,,,,,,,,,,,,,,,,,,,,,,,,,,,,,,,,,,,,,,,,
NetInterestIncome,"-73,500,000","-16,800,000","-18,800,000","-18,500,000","-19,400,000","-20,400,000","-19,800,000","-19,300,000","-19,000,000","-18,200,000","-19,000,000","-18,900,000","-17,900,000","-18,900,000","-19,000,000","-19,800,000","-19,800,000","-20,100,000","-21,100,000","-15,800,000","-12,700,000","-14,200,000","-15,700,000","-11,100,000","-10,100,000","-11,200,000","-11,200,000","-11,300,000","-11,300,000","-13,600,000","-16,200,000","-16,600,000","-14,800,000","-12,100,000","-12,000,000","-12,500,000","-12,800,000","-12,800,000","-12,300,000","-12,500,000","-13,200,000","-15,600,000","-16,900,000","-17,400,000","-17,300,000","-14,500,000",,,,,,,,,,,,,,,,,,,,,,,,,,,,,,,,,,,,,,,,,,,,,,,,,,,,,,,,,,,,,,,,,,,,,,,,,,,,,,,,,,,,,,,,,,,,,,
EBIT,"358,900,000","64,800,000","88,500,000","100,600,000","105,000,000","76,400,000","79,700,000","87,900,000","68,000,000","63,900,000","80,500,000","81,300,000","81,700,000","68,800,000","77,600,000","85,200,000","55,900,000","57,500,000","57,700,000","72,700,000","61,000,000","55,300,000","86,200,000","91,500,000","89,800,000","75,400,000","91,800,000","90,700,000","81,800,000","79,100,000","36,800,000","64,100,000","84,400,000","83,600,000","89,200,000","95,800,000","96,100,000","83,700,000","60,300,000","76,300,000","70,900,000","25,400,000","28,700,000","59,100,000","-62,000,000","57,500,000","24,900,000","117,900,000","121,800,000","101,500,000","114,400,000","118,200,000","116,100,000","90,400,000","90,400,000","96,100,000","91,000,000","59,600,000","54,700,000","48,900,000","46,200,000","39,600,000","41,400,000","33,900,000","33,700,000","29,000,000","25,100,000","23,300,000","21,300,000","22,600,000","21,600,000","23,100,000","22,500,000","20,500,000","19,100,000","21,700,000","43,200,000","49,000,000","48,400,000","53,900,000","50,000,000","37,500,000","29,100,000","33,200,000","28,500,000","22,000,000","-3,600,000","33,300,000","29,500,000","27,800,000","30,800,000","29,300,000","25,900,000","25,100,000","24,200,000","20,500,000","20,300,000","23,400,000","23,800,000","26,300,000","25,700,000","23,800,000","19,500,000","19,900,000","16,700,000","45,900,000","39,400,000","41,700,000","39,600,000","37,200,000","-6,500,000","40,900,000","46,500,000","46,000,000","81,800,000","17,000,000","47,800,000","44,000,000","-44,800,000","89,300,000","84,800,000","79,700,000","97,300,000","92,800,000","538,200,000","489,800,000","-919,600,000","419,900,000","392,800,000","371,400,000","-769,900,000","340,900,000","321,600,000","261,400,000","-165,500,000","81,200,000","71,600,000","65,100,000","-98,600,000","48,400,000"
EBITDA,"430,100,000"
ReconciledCostOfRevenue,"7,035,500,000","1,655,300,000","1,791,800,000","1,775,800,000","1,812,600,000","1,689,600,000","1,689,100,000","1,754,900,000","1,718,800,000","1,579,400,000","1,615,400,000","1,619,200,000","1,605,700,000","1,516,100,000","1,507,500,000","1,559,600,000","1,562,300,000","1,445,400,000","1,464,400,000","1,158,300,000","1,151,500,000","1,075,800,000","1,295,800,000","1,288,000,000","1,223,100,000","1,170,200,000","1,227,100,000","1,200,600,000","1,223,400,000","1,152,700,000","1,201,500,000","1,250,300,000","1,219,100,000","1,173,500,000","1,150,300,000","1,249,800,000","1,239,500,000","1,164,800,000","1,100,600,000","1,073,200,000","1,054,200,000","982,900,000","945,000,000","984,800,000","944,100,000","977,900,000","1,121,100,000","1,216,900,000","1,232,700,000","1,123,100,000","1,117,100,000","1,144,700,000","1,139,000,000","1,002,200,000","976,200,000","1,001,400,000","925,200,000","805,900,000","767,900,000","766,300,000","702,900,000","658,100,000","628,100,000","642,000,000","616,000,000","575,900,000","494,000,000","489,400,000","481,100,000","495,900,000","495,800,000","476,400,000","469,600,000","472,900,000","502,000,000","585,200,000","634,200,000","663,000,000","649,500,000","749,300,000","707,600,000","567,100,000","541,600,000","543,400,000","498,000,000","441,100,000","11,100,000","599,500,000","585,400,000","557,200,000","546,300,000","541,300,000","506,800,000","489,700,000","488,800,000","470,800,000","455,100,000","417,100,000","425,500,000","425,500,000","402,900,000","371,500,000","112,600,000","430,800,000","445,800,000","472,300,000","32,300,000","414,700,000","421,900,000","374,100,000","-115,200,000","387,000,000","401,000,000","381,900,000","-29,700,000","375,900,000","406,400,000","370,600,000","-439,100,000","442,400,000","458,100,000","444,100,000","426,600,000","412,300,000",,,,,,,,,,,,,,,,
ReconciledDepreciation,"71,200,000","17,100,000","17,100,000","18,500,000","18,500,000","18,100,000","17,100,000","17,800,000","17,400,000","16,700,000","15,700,000","16,500,000","16,100,000","16,000,000","15,800,000","16,500,000","16,500,000","16,700,000","16,300,000","10,300,000","11,100,000","11,500,000","12,000,000","8,400,000","7,700,000","7,600,000","7,500,000","7,300,000","7,800,000","7,500,000","8,300,000","7,800,000","8,200,000","8,200,000","8,200,000","8,200,000","8,800,000","8,300,000","8,300,000","8,500,000","8,400,000","8,600,000","9,000,000","9,700,000","9,700,000","8,700,000","9,400,000","7,700,000","5,100,000","12,400,000","11,900,000","11,500,000","11,100,000","10,000,000","8,600,000","9,800,000","8,600,000","8,300,000","8,000,000","4,100,000","11,500,000","6,700,000","6,600,000","6,500,000","6,300,000","6,200,000","6,300,000","6,100,000","6,000,000","5,900,000","6,500,000","5,500,000","5,600,000","5,900,000","9,200,000","7,800,000","7,400,000","8,000,000","7,100,000","6,900,000","6,700,000","6,700,000","6,000,000","6,900,000","6,500,000","6,600,000","2,500,000","8,700,000","7,800,000","7,800,000","8,000,000","8,100,000","8,000,000","7,800,000","7,200,000","7,000,000","6,700,000","6,000,000","6,200,000","5,200,000","4,500,000","5,800,000","4,500,000","4,100,000","-13,200,000","20,600,000","21,100,000","31,000,000","9,700,000","20,200,000","21,800,000","18,400,000","18,100,000","17,600,000","17,200,000","9,600,000","21,400,000","21,000,000","-11,000,000","32,200,000","30,800,000","36,500,000","33,300,000","35,400,000",,,,,,,,,,,,,,,,
NetIncomeFromContinuingOperationNetMinorityInterest,"259,500,000","35,700,000","101,000,000","59,300,000","63,500,000","39,100,000","41,800,000","47,600,000","34,800,000","32,100,000","400,000","37,600,000","40,100,000","30,900,000","36,800,000","40,300,000","20,800,000","23,200,000","5,500,000","35,400,000","29,500,000","26,500,000","41,100,000","52,500,000","53,800,000","47,400,000","58,200,000","53,700,000","45,900,000","42,600,000","5,200,000","19,800,000","44,000,000","55,600,000","49,800,000","61,600,000","52,100,000","44,300,000","31,500,000","36,500,000","34,600,000","5,900,000","12,700,000","22,100,000","-89,800,000","25,700,000","9,400,000","61,700,000","66,900,000","57,700,000","70,500,000","64,800,000","64,600,000","53,600,000","52,400,000","76,200,000","49,400,000","31,300,000","20,100,000","25,100,000","24,400,000","20,400,000","25,600,000","17,200,000","16,800,000","14,000,000","13,100,000","11,300,000","7,300,000","10,200,000","10,400,000","10,800,000","12,800,000","9,500,000","5,700,000","-11,700,000","18,700,000","21,000,000","15,900,000","24,000,000","22,700,000","16,100,000","11,500,000","38,300,000","12,200,000","7,700,000","-4,100,000","10,900,000","21,500,000","16,400,000","12,500,000","11,300,000","10,400,000","11,100,000","9,100,000","8,600,000","8,100,000","10,300,000","10,000,000","9,100,000","8,900,000","11,100,000","16,000,000","10,700,000","16,800,000","1,800,000","-5,300,000","29,600,000","-3,100,000","-3,800,000","-33,100,000","-1,700,000","-20,500,000","-4,500,000","-34,800,000","-36,400,000","-4,300,000","-1,400,000","-53,000,000","7,400,000","8,400,000","4,500,000","6,400,000","10,600,000",,,,,,,,,,,,,,,,
TotalUnusualItemsExcludingGoodwill,"-6,200,000","-4,500,000","500,000","-1,900,000","-300,000",,"-2,000,000","-2,500,000","-3,900,000","200,000","-300,000","-1,100,000","-1,300,000","-700,000","-2,800,000","-3,500,000","-1,400,000","-3,100,000","-7,300,000","-4,500,000","-2,400,000","-4,300,000","-2,700,000","-2,400,000","-1,900,000",,"-1,700,000","0",,,"-9,500,000","-30,400,000","-5,500,000","-3,100,000","-2,400,000","-5,900,000","-1,700,000","600,000","-1,300,000","-1,200,000","800,000","-31,600,000","-18,200,000","700,000","-103,300,000","600,000","-16,700,000","-5,200,000","-3,600,000","-300,000","300,000","200,000","2,400,000","300,000","4,900,000","1,100,000","-1,600,000","-100,000","-1,300,000","-300,000","-1,500,000","-1,700,000","5,100,000","-4,300,000","-3,100,000","-3,100,000","300,000",,"-5,200,000","-1,700,000","-600,000","-2,000,000","2,900,000",,"-2,300,000","-34,900,000","-3,400,000","-5,000,000","-12,200,000","-500,000","1,000,000","-200,000","500,000","-100,000",,"100,000","3,100,000","-5,200,000","15,900,000","8,400,000","-200,000",,,"2,200,000","2,700,000","1,900,000","900,000","800,000","4,100,000","-3,600,000","-2,700,000","1,800,000","-22,200,000","1,800,000","16,400,000","5,200,000","27,500,000","51,300,000",,,"4,600,000",,"-21,800,000",,,,,,,,,,,,,,,,,,,,,,,,,,,
TotalUnusualItems,"-6,200,000","-4,500,000","500,000","-1,900,000","-300,000",,"-2,000,000","-2,500,000","-3,900,000","200,000","-300,000","-1,100,000","-1,300,000","-700,000","-2,800,000","-3,500,000","-1,400,000","-3,100,000","-7,300,000","-4,500,000","-2,400,000","-4,300,000","-2,700,000","-2,400,000","-1,900,000",,"-1,700,000","0",,,"-9,500,000","-30,400,000","-5,500,000","-3,100,000","-2,400,000","-5,900,000","-1,700,000","600,000","-1,300,000","-1,200,000","800,000","-31,600,000","-18,200,000","700,000","-103,300,000","600,000","-16,700,000","-5,200,000","-3,600,000","-300,000","300,000","200,000","2,400,000","300,000","4,900,000","1,100,000","-1,600,000","-100,000","-1,300,000","-300,000","-1,500,000","-1,700,000","5,100,000","-4,300,000","-3,100,000","-3,100,000","300,000",,"-5,200,000","-1,700,000","-600,000","-2,000,000","2,900,000",,"-2,300,000","-34,900,000","-3,400,000","-5,000,000","-12,200,000","-500,000","1,000,000","-200,000","500,000","-100,000",,"100,000","3,100,000","-5,200,000","15,900,000","8,400,000","-200,000",,,"2,200,000","2,700,000","1,900,000","900,000","800,000","4,100,000","-3,600,000","-2,700,000","1,800,000","-22,200,000","1,800,000","16,400,000","5,200,000","27,500,000","51,300,000",,,"4,600,000",,"-21,800,000",,,,,,,,,,,,,,,,,,,,,,,,,,,
NormalizedEBITDA,"436,300,000","86,400,000","105,100,000","121,000,000","123,800,000","94,500,000","98,800,000","108,200,000","89,300,000","80,400,000","96,500,000","98,900,000","99,100,000","85,500,000","96,200,000","105,200,000","73,800,000","77,300,000","81,300,000","87,500,000","74,500,000","71,100,000","100,900,000","102,300,000","99,400,000","83,000,000","101,000,000","98,000,000","89,600,000","86,600,000","54,600,000","102,300,000","98,100,000","94,900,000","99,800,000","109,900,000","106,600,000","91,400,000","69,900,000","86,000,000","78,500,000","65,600,000","55,900,000","68,100,000","51,000,000","65,600,000","51,000,000","130,800,000","130,500,000","114,200,000","126,000,000","129,500,000","124,800,000","100,100,000","94,100,000","104,800,000","101,200,000","68,000,000","64,000,000","53,300,000","59,200,000","48,000,000","42,900,000","44,700,000","43,100,000","38,300,000","31,100,000","29,400,000","32,500,000","30,200,000","28,700,000","30,600,000","25,200,000","26,400,000","30,600,000","64,400,000","54,000,000","62,000,000","67,700,000","61,300,000","55,700,000","44,400,000","34,600,000","40,200,000","35,000,000","28,500,000","-4,200,000","47,200,000","21,400,000","27,200,000","39,000,000","37,400,000","33,900,000","30,700,000","28,700,000","25,600,000","26,100,000","28,600,000","25,900,000","35,100,000","32,900,000","27,800,000","46,200,000","22,200,000","13,500,000","61,300,000","33,000,000","21,400,000","54,500,000","57,400,000","10,700,000","59,300,000","86,400,000","63,600,000","99,000,000","26,600,000","69,200,000","65,000,000","-55,800,000","121,500,000","115,600,000","116,200,000","130,600,000","128,200,000","538,200,000","489,800,000","-919,600,000","419,900,000","392,800,000","371,400,000","-769,900,000","340,900,000","321,600,000","261,400,000","-165,500,000","81,200,000","71,600,000","65,100,000","-98,600,000","48,400,000"
TaxRateForCalcs,"0.091","0.257","0.4","0.278","0.258","0.303","0.302","0.306","0.29","0.297","0.4","0.397","0.372","0.381","0.372","0.384","0.4","0.379","0.4","0.378","0.388","0.356","0.4","0.348","0.325","0.261","0.278","0.324","0.349","0.35","0.35","0.35","0.368","0.222","0.355","0.261","0.375","0.375","0.344","0.35","0.4","0.398","0.35","0.35","0.35","0.4","0.35","0.387","0.375","0.357","0.316","0.394","0.399","0.332","0.321","0.192","0.386","0.386","0.4","0.398","0.356","0.376","0.39","0.388","0.391","0.389","0.4","0.4","0.4","0.4","0.4","0.4","0.399","0.399","0.4","0.4","0.395","0.4","0.4","0.4","0.4","0.4","0.4","0.4","0.4","0.4","0.4","0.4","0.4","0.4","0.396","0.4","0.4","0.4","0.4","0.4","0.4","0.4","0.4","0.4","0.4","0.4","0.292","0.371","0.373","0.4","0.346","0.4","0.4","0.4","0.396","0.4","0.4","0.4","0.207","0.4","0.4","0.4","0.365","0.4","0.4","0.4","0.4","0.4",,,,,,,,,,,,,,,,
TaxEffectOfUnusualItems,"-562,648.914","-1,156,500","200,000","-528,200","-77,400","0","-604,340.568","-765,000","-1,131,000","59,400","-120,000","-436,700","-483,600","-266,700","-1,041,638.225","-1,344,000","-560,000","-1,174,900","-2,920,000","-1,701,000","-931,200","-1,530,800","-1,080,000","-835,200","-617,500","0","-472,456.576","0","0","0","-3,325,000","-10,640,000","-2,022,988.506","-689,370.629","-851,813.472","-1,536,974.79","-636,734.694","225,105.783","-446,875","-420,000","320,000","-12,575,510.204","-6,370,000","245,000","-36,155,000","240,000","-5,845,000","-2,013,902.681","-1,351,260.504","-107,023.411","94,660.194","78,765.201","956,424.581","99,501.247","1,574,093.264","211,134.677","-618,136.646","-38,627.451","-520,000","-119,424.46","-534,300.792","-639,449.541","1,991,428.571","-1,667,971.53","-1,213,043.478","-1,204,803.493","120,000","0","-2,080,000","-680,000","-240,000","-800,000","1,157,276.995","0","-920,000","-13,960,000","-1,342,394.822","-2,000,000","-4,880,000","-200,000","400,000","-80,000","200,000","-40,000","0","40,000","1,240,000","-2,080,000","6,360,000","3,360,000","-79,227.053","0","0","880,000","1,080,000","760,000","360,000","320,000","1,640,000","-1,440,000","-1,080,000","720,000","-6,483,185.841","667,058.824","6,119,402.985","2,080,000","9,506,172.84","20,520,000","0","0","1,821,532.847","0","-8,720,000","0","0","0","0","0","0","0","0","0","0","0",,,,,,,,,,,,,,,,