name,ttm,12/31/2019,12/31/2018,12/31/2017,12/31/2016,12/31/2015,12/31/2014,12/31/2013,12/31/2012,12/31/2011,12/31/2010,12/31/2009,12/31/2008,12/31/2007,12/31/2006,12/31/2005,12/31/2004,12/31/2003,12/31/2002,12/31/2001,12/31/2000
TotalRevenue,"99,281,023,000","99,281,023,000","88,790,748,000","91,193,634,000","96,371,930,000","66,507,257,000","68,027,291,000","57,749,377,000","60,765,478,000","51,904,639,000","67,123,000,000","64,223,000,000","48,269,000,000","47,649,205,760","41,688,242,500","36,400,159,110","29,094,262,160","26,004,037,210","21,430,070,280","19,098,595,200","13,348,946,940"
	NetInterestIncome,"65,799,719,000","65,799,719,000","66,808,470,000","50,642,913,000","56,662,989,000","55,636,042,000","50,045,767,000","49,300,483,000","43,492,965,000","35,611,286,000","37,492,000,000","33,133,000,000","25,371,000,000","23,769,408,000","21,653,405,000","18,855,044,250","14,807,423,000","14,939,410,260","13,465,475,280","9,493,562,400","13,348,946,940"
		InterestIncome,"124,417,705,000","124,417,705,000","122,053,139,000","126,232,328,000","147,700,375,000","127,048,252,000","103,893,096,000","90,682,625,000","83,133,716,000","82,367,272,000","63,137,000,000","54,151,000,000","53,803,000,000","36,506,961,920","34,491,055,000","31,288,866,000","23,729,061,360","24,616,270,440","28,392,896,220","18,652,713,600","13,348,946,940"
			InterestIncomeFromLoansAndLease,"74,938,122,000","74,938,122,000","71,747,618,000","70,094,525,000","78,563,370,000","71,265,708,000","63,850,233,000","58,545,388,000","55,341,457,000","54,659,728,000","37,291,000,000","32,708,000,000","33,662,000,000","22,606,754,560","21,229,037,500","17,225,221,230","12,815,393,000","12,126,369,510","17,026,534,200","11,671,879,800",
				InterestIncomeFromLoans,"74,938,122,000","74,938,122,000","71,747,618,000","70,094,525,000","78,563,370,000","71,265,708,000","63,850,233,000","58,545,388,000","55,341,457,000","54,659,728,000","37,291,000,000","32,708,000,000","33,662,000,000","22,606,754,560","21,229,037,500","17,225,221,230","12,815,393,000","12,126,369,510","17,026,534,200","11,671,879,800",
			InterestIncomeFromSecurities,"45,143,529,000","45,143,529,000","46,325,393,000","29,918,997,000","41,664,077,000","30,866,036,000","21,765,118,000","16,216,773,000","14,856,256,000","27,707,544,000","13,469,000,000","11,767,000,000","11,442,000,000","8,797,351,680","8,498,012,500","9,104,126,010","6,395,744,320","6,783,034,670","6,038,932,920","4,184,784,600",
			InterestIncomeFromDeposits,"4,304,875,000","4,304,875,000","3,916,299,000","4,881,319,000","5,667,516,000","4,587,412,000","4,277,351,000","3,110,877,000","3,808,229,000","6,112,337,000","3,474,000,000","1,940,000,000","2,195,000,000","1,636,261,120","2,533,410,000","2,879,042,670","1,702,521,640","1,797,460,910","2,353,980,300","517,872,900",
			InterestIncomeFromFederalFundsSoldAndSecuritiesPurchaseUnderAgreementsToResell,,,,,,,,,,,"8,867,000,000","7,701,000,000","6,466,000,000","3,429,204,480","2,170,885,000","2,017,431,360","2,738,377,240","3,845,931,610","2,948,670,060","2,261,920,200",
			OtherInterestIncome,"31,179,000","31,179,000","63,829,000","21,337,487,000","21,805,412,000","20,329,096,000","14,000,394,000","12,809,587,000","9,127,774,000","8,785,233,000","36,000,000","35,000,000","38,000,000","37,390,080","59,710,000","63,044,730","77,025,160","63,473,740","24,778,740","16,256,100",
		InterestExpense,"58,617,986,000","58,617,986,000","55,244,669,000","75,589,415,000","91,037,386,000","71,412,210,000","53,847,329,000","41,382,142,000","39,640,751,000","46,755,986,000","25,645,000,000","21,018,000,000","28,432,000,000","12,737,553,920","12,837,650,000","12,433,821,750","8,921,638,360","9,676,860,180","14,927,420,940","9,159,151,200",
			InterestExpenseForDeposit,"28,728,911,000","28,728,911,000","29,307,377,000","39,052,235,000","46,218,779,000","39,069,427,000","32,950,367,000","28,614,315,000","25,330,761,000","34,772,338,000","11,312,000,000","11,446,000,000","9,636,000,000","5,558,658,560","6,214,105,000","6,939,590,280","4,996,011,240","6,358,914,680","4,810,615,380","3,281,409,900",
			InterestExpenseForShortTermDebt,,,,,,,,,,,"188,000,000","2,197,000,000","4,899,000,000","726,435,840","53,312,500","186,799,200","82,337,240","383,727,610","3,975,217,860","1,927,509,000",
			InterestExpenseForLongTermDebtAndCapitalSecurities,"12,958,929,000","12,958,929,000","12,571,766,000","18,362,630,000","23,423,057,000","16,240,436,000","10,476,904,000","6,779,499,000","6,324,019,000","5,278,217,000","3,289,000,000","3,065,000,000","4,728,000,000","2,366,257,920","2,817,032,500","1,821,292,200","1,617,528,360","862,665,830","4,092,031,920","2,029,690,200",
			InterestExpenseForFederalFundsSoldAndSecuritiesPurchaseUnderAgreementsToResell,,,,,,,,,,,"10,856,000,000","8,704,000,000","9,169,000,000","5,539,073,280","3,753,200,000","3,859,738,470","2,390,436,000","2,844,777,620","2,049,555,780","1,920,542,100",
			OtherInterestExpense,"16,930,146,000","16,930,146,000","13,365,526,000","18,174,550,000","21,395,550,000","16,102,347,000","10,420,058,000","5,988,328,000","7,985,971,000","6,705,431,000",,,,,,,,"5,770,340",,,
	NonInterestIncome,"33,481,304,000","33,481,304,000","21,982,278,000","40,550,721,000","39,708,941,000","10,871,215,000","17,981,524,000","8,448,894,000","17,272,513,000","16,293,353,000","29,631,000,000","31,090,000,000","22,898,000,000","23,879,797,760","20,034,837,500","17,545,114,860","14,286,839,160","11,064,626,950","7,964,595,000","9,605,032,800","0"
		TotalPremiumsEarned,"8,254,939,000","8,254,939,000","7,656,872,000","6,239,990,000","4,155,763,000","5,497,505,000","5,411,845,000","6,933,680,000","1,413,016,000","3,076,175,000","14,068,000,000","12,521,000,000","10,963,000,000","8,841,863,680","8,101,367,500","7,801,201,590","6,764,933,880","6,125,215,910","4,980,526,740",,"7,709,865,060"
		FeesAndCommissions,"24,323,069,000","24,323,069,000","23,016,348,000","21,947,609,000","19,607,521,000","17,279,791,000","16,102,849,000","14,499,682,000","12,804,795,000","10,834,333,000","10,942,000,000","9,381,000,000","8,997,000,000","7,818,087,680","6,593,690,000","5,134,643,010","4,310,752,920","3,447,778,150","2,895,572,760","2,865,718,200","5,056,064,770"
			FeesandCommissionIncome,"24,323,069,000","24,323,069,000","23,016,348,000","21,947,609,000","19,607,557,000","17,315,994,000","16,123,573,000","14,535,723,000","12,841,186,000","10,868,311,000",,"9,381,000,000","8,997,000,000","7,818,087,680","6,593,690,000","5,134,643,010","4,310,752,920","3,447,778,150","2,895,572,760","2,865,718,200","5,056,064,770"
				ServiceChargeOnDepositorAccounts,"10,895,443,000","10,895,443,000","10,611,127,000","10,188,834,000","9,246,564,000","7,781,121,000","6,634,331,000","6,039,846,000","5,354,628,000","4,633,432,000",,,,,,,,,,,
				TrustFeesbyCommissions,"1,582,733,000","1,582,733,000","1,525,280,000","1,463,469,000","1,079,653,000","1,054,424,000","1,168,787,000","838,320,000","843,868,000","787,921,000",,,,,,,,,,,
				SecuritiesActivities,"1,134,630,000","1,134,630,000","916,083,000","754,966,000","618,750,000","556,701,000","520,290,000","510,785,000","482,883,000","419,872,000",,,,,,,,,,,
				CreditCard,"7,397,305,000","7,397,305,000","6,951,609,000","6,848,855,000","6,251,963,000","5,875,029,000","5,479,230,000","4,871,774,000","4,075,501,000","3,495,161,000",,,,,,,,,,,
				OtherCustomerServices,"3,312,958,000","3,312,958,000","3,012,249,000","2,691,485,000","2,410,627,000","2,048,719,000","2,320,935,000","2,274,998,000","2,084,306,000","1,531,925,000",,,,,,,,,,,
			FeesandCommissionExpense,,,,"0","36,000","36,203,000","20,724,000","36,041,000","36,391,000","33,978,000",,,,,,,,,,,
		InvestmentBankingProfit,"1,014,607,000","1,014,607,000","815,242,000","801,219,000","733,530,000","540,879,000","636,407,000",,,,,,,,,,,,,,
		TradingGainLoss,,,,,,,,,,,"1,189,000,000","3,075,000,000","-371,000,000",,,,,,,,
		ForeignExchangeTradingGains,"323,774,000","323,774,000","1,096,826,000","1,422,957,000","150,757,000","-3,523,095,000","-1,244,680,000","-1,093,597,000","-951,385,000","2,625,813,000",,,,,,,,,,,
		GainLossonSaleofAssets,"-435,085,000","-435,085,000","-10,603,010,000","10,138,946,000","15,061,370,000","-8,923,865,000","-2,924,897,000","-11,890,871,000","4,006,087,000","-242,968,000","783,000,000","164,000,000","609,000,000","1,456,432,640","1,153,682,500","747,196,800","701,194,560","778,995,900","-1,893,803,700","4,702,657,500",
			GainOnSaleOfSecurity,"-435,085,000","-435,085,000","-10,603,010,000","10,138,946,000","15,061,370,000","-8,923,865,000","-2,924,897,000","-11,890,871,000","4,006,087,000","-242,968,000","783,000,000","164,000,000","609,000,000","1,456,432,640","1,153,682,500","747,196,800","432,934,520","46,162,720","-2,042,476,140","85,925,100",
			GainonSaleofInvestmentProperty,,,,,,,,,,,,,,,,,"268,260,040","732,833,180","148,672,440","4,616,732,400",
		OtherNonInterestIncome,,,,,,,,,,,"2,649,000,000","5,949,000,000","2,700,000,000","5,763,413,760","4,186,097,500","3,862,073,460","2,509,957,800","712,636,990","1,982,299,200","2,036,657,100","-12,765,929,830"
CreditLossesProvision,"-12,532,133,000","-12,532,133,000","-15,091,975,000","-16,860,835,000","-15,350,278,000","-14,721,152,000","-10,291,386,000","-9,623,870,000","-11,510,179,000","-8,296,151,000","-5,769,000,000","-10,822,000,000","-6,651,000,000","-4,615,004,160","-3,757,465,000","-1,821,292,200","-1,428,949,520","-2,025,389,340","-2,541,590,760","-1,762,625,700","-2,425,663,160"
NonInterestExpense,"62,855,789,000","62,855,789,000","49,659,867,000","49,372,969,000","46,071,144,000","36,953,234,000","34,766,086,000","30,996,113,000","29,966,533,000","24,748,439,000","40,504,000,000","34,368,000,000","31,242,000,000","31,737,056,000","29,202,455,000","25,831,994,370","23,723,749,280","21,330,061,810","16,598,215,980","14,498,118,900",
	SellingGeneralAndAdministration,"44,223,455,000","44,223,455,000","35,745,424,000","37,605,726,000","33,153,346,000","27,780,017,000","26,639,160,000","24,505,955,000","23,556,805,000","22,628,104,000","29,808,000,000","26,008,000,000","23,055,000,000","12,778,504,960","12,180,840,000","10,691,919,210","9,689,233,920","12,867,858,200","7,607,073,180","6,579,075,900",
		GeneralAndAdministrativeExpense,"39,715,428,000","39,715,428,000","34,609,362,000","36,662,875,000","32,028,687,000","26,816,709,000","25,812,698,000","23,797,479,000","22,829,235,000","22,628,104,000","28,287,000,000","24,354,000,000","22,041,000,000","12,778,504,960","12,180,840,000","10,691,919,210","9,689,233,920","12,867,858,200","7,607,073,180","6,579,075,900",
			SalariesAndWages,"24,526,318,000","24,526,318,000","18,871,462,000","20,723,265,000","17,003,783,000","14,058,047,000","13,667,639,000","12,354,418,000","11,656,422,000","11,150,970,000","9,180,000,000","7,814,000,000","7,362,000,000","6,767,604,480","6,071,227,500","5,195,352,750","4,865,865,280","8,551,643,880","3,992,916,960","3,327,855,900",
			RentAndLandingFees,"180,648,000","180,648,000","1,142,408,000","1,142,166,000","1,027,561,000","887,412,000","838,843,000","782,179,000","757,698,000","644,527,000",,,,,,,,,,,
			InsuranceAndClaims,,,,,,,,,,,"9,307,000,000","8,329,000,000","7,391,000,000","6,010,900,480","6,109,612,500","5,496,566,460","4,823,368,640","4,316,214,320","3,614,156,220","3,251,220,000",
			OtherGandA,"15,008,462,000","15,008,462,000","14,595,492,000","14,797,444,000","13,997,343,000","11,871,250,000","11,306,216,000","10,660,882,000","10,415,115,000","11,477,134,000","9,800,000,000","8,211,000,000","7,288,000,000",,,,,,,,
		SellingAndMarketingExpense,"4,508,027,000","4,508,027,000","1,136,062,000","942,851,000","1,124,659,000","963,308,000","826,462,000","708,476,000","727,570,000","882,143,000","1,521,000,000","1,654,000,000","1,014,000,000",,,,,,,,
	DepreciationAmortizationDepletionIncomeStatement,"5,865,768,000","5,865,768,000","4,808,255,000","4,568,568,000","3,658,413,000","2,942,003,000","2,932,687,000","2,740,830,000","2,538,260,000","2,120,335,000","2,183,000,000","1,713,000,000","1,683,000,000",,,,,,,,
		DepreciationAndAmortizationInIncomeStatement,"5,865,768,000","5,865,768,000","4,808,255,000","4,568,568,000","3,658,413,000","2,942,003,000","2,932,687,000","2,740,830,000","2,538,260,000","2,120,335,000","2,183,000,000","1,713,000,000","1,683,000,000",,,,,,,,
			DepreciationIncomeStatement,"2,737,383,000","2,737,383,000","1,460,013,000","1,237,328,000","1,141,636,000","1,057,722,000","1,056,389,000","1,018,239,000","1,037,135,000","990,092,000","1,267,000,000","1,053,000,000","881,000,000",,,,,,,,
			Amortization,"3,128,385,000","3,128,385,000","3,348,242,000","3,331,240,000","2,516,777,000","1,884,281,000","1,876,298,000","1,722,591,000","1,501,125,000","1,130,243,000","916,000,000","660,000,000","802,000,000",,,,,,,,
				AmortizationOfIntangiblesIncomeStatement,"3,128,385,000","3,128,385,000","3,348,242,000","3,331,240,000","2,516,777,000","1,884,281,000","1,876,298,000","1,722,591,000","1,501,125,000","1,130,243,000","916,000,000","660,000,000","802,000,000",,,,,,,,
	OtherNonInterestExpense,"12,766,566,000","12,766,566,000","9,106,188,000","7,198,675,000","9,259,385,000","6,231,214,000","5,194,239,000","3,749,328,000","3,871,468,000","3,536,225,000","8,513,000,000","6,647,000,000","6,504,000,000","18,958,551,040","17,021,615,000","15,140,075,160","14,034,515,360","8,462,203,610","8,991,142,800","7,919,043,000",
IncomefromAssociatesandOtherParticipatingInterests,"1,201,082,000","1,201,082,000","1,680,375,000","1,718,411,000","1,699,725,000","1,528,051,000","1,389,816,000","1,062,687,000","870,662,000","682,122,000","539,000,000","644,000,000","597,000,000",,,,,,,,
SpecialIncomeCharges,"-344,627,000","-344,627,000","-614,895,000","-412,957,000","-467,042,000","-277,232,000","-362,101,000","-220,400,000","584,318,000","-13,154,853,000","-6,209,000,000","-6,008,000,000","-4,225,000,000",,,,,,,,
	ImpairmentOfCapitalAssets,,,,,,,,,,"8,296,151,000",,,,,,,,,,,
	OtherSpecialCharges,"344,627,000","344,627,000","614,895,000","412,957,000","467,042,000","277,232,000","362,101,000","220,400,000","-584,318,000","4,858,702,000",,,,,,,,,,,
OtherNonOperatingIncomeExpenses,"-11,368,478,000","-11,368,478,000","-5,662,371,000","-2,521,725,000","-4,277,735,000","-6,480,107,000","-4,666,743,000","-3,652,512,000","-5,241,514,000","-1,076,154,000",,,,,,,,,,,
PretaxIncome,"13,381,078,000","13,381,078,000","19,442,015,000","23,743,559,000","31,905,456,000","9,603,583,000","19,330,791,000","14,319,169,000","15,502,232,000","14,683,469,000","15,180,000,000","13,669,000,000","6,748,000,000","11,257,975,040","8,713,395,000","8,735,197,590","3,928,283,160","2,637,045,380","2,272,564,440","2,819,272,200","4,356,054,260"
TaxProvision,"-7,792,129,000","-7,792,129,000","2,693,576,000","6,428,956,000","13,912,730,000","-8,634,322,000","3,914,313,000","1,833,031,000","4,150,538,000","3,594,027,000","5,428,000,000","4,420,000,000","-401,000,000","3,350,863,360","2,266,847,500","2,428,389,600","600,265,040","343,335,230","159,291,900","550,385,100","813,104,130"
NetIncomeCommonStockholders,"21,023,023,000","21,023,023,000","16,583,915,000","17,089,364,000","8,542,147,000","18,132,906,000","15,314,943,000","12,395,920,000","11,291,570,000","10,958,054,000","9,662,000,000","9,216,000,000","7,018,000,000","7,907,111,680","6,446,547,500","6,306,807,990","3,328,018,120","2,293,710,150","2,141,591,100","2,268,887,100","3,507,852,110"
	NetIncome,"21,023,023,000","21,023,023,000","16,583,915,000","17,089,364,000","17,894,249,000","18,132,906,000","15,314,943,000","12,395,920,000","11,291,570,000","10,958,054,000","9,662,000,000","9,216,000,000","7,018,000,000","7,907,111,680","6,446,547,500","6,306,807,990","3,328,018,120","2,293,710,150","2,141,591,100","2,268,887,100","3,507,852,110"
		NetIncomeIncludingNoncontrollingInterests,"21,173,207,000","21,173,207,000","16,748,439,000","17,314,603,000","17,992,726,000","18,237,905,000","15,416,478,000","12,486,138,000","11,351,694,000","11,089,442,000","9,752,000,000","9,249,000,000","7,149,000,000","7,944,501,760","6,461,475,000","6,318,482,940","3,341,298,320","2,302,365,660","2,152,210,560","2,287,465,500","3,542,950,130"
			NetIncomeContinuousOperations,"21,173,207,000","21,173,207,000","16,748,439,000","17,314,603,000","17,992,726,000","18,237,905,000","15,416,478,000","12,486,138,000","11,351,694,000","11,089,442,000","9,752,000,000","9,249,000,000","7,149,000,000","7,907,111,680","6,446,547,500","6,306,807,990","3,328,018,120","2,293,710,150","2,113,272,540","2,268,887,100","3,542,950,130"
			NetIncomeExtraordinary,,,,,,,,,,,,,,,,,,,"28,318,560",,
		MinorityInterests,"-150,184,000","-150,184,000","-164,524,000","-225,239,000","-98,477,000","-104,999,000","-101,535,000","-90,218,000","-60,124,000","-131,388,000","-90,000,000","-33,000,000","-131,000,000","-37,390,080","-14,927,500","-11,674,950","-13,280,200","-8,655,510","-10,619,460","-18,578,400","-35,098,020"
DilutedNIAvailtoComStockholders,"21,023,023,000","21,023,023,000","16,583,915,000","17,089,364,000","8,542,147,000","18,132,906,000","15,314,943,000","12,395,920,000","11,291,570,000","10,958,054,000","9,662,000,000","9,216,000,000","7,018,000,000","7,907,111,680","6,446,547,500","6,306,807,990","3,328,018,120","2,293,710,150","2,141,591,100","2,268,887,100","3,507,852,110"
BasicEPS,,"2.264","1.788","1.839","1.928","1.952","1.651","1.333","1.22","1.181","1.056","1.019","0.777","0.891","0.819","0.805","0.435","1,563.126","0.311","0.627","0.556"
DilutedEPS,,"2.264","1.788","1.839","0.967","1.952","1.651","1.333","1.22","1.181","1.056","1.019","0.777","0.891","0.819","0.805","0.435","1,563.126","0.311","0.627","0.556"
BasicAverageShares,,"8,836,314,300","8,836,314,960","4,428,586,932","8,836,314,740","8,839,882,448","8,847,123,988","8,849,280,026","8,853,412,915","4,427,109,293","8,741,360,759","8,611,731,325","8,594,653,304","8,444,121,678","8,258,743,158","8,212,516,505","8,003,392,760","7,719,062,443","7,244,736,271","7,239,186,728","3,714,398,983"
DilutedAverageShares,,"8,836,314,300","8,836,314,960","4,428,586,932","8,836,314,740","8,839,882,448","8,847,123,988","8,849,280,026","8,853,412,915","4,427,109,293","8,741,360,759","8,611,731,325","8,594,653,304","8,495,200,045","8,258,743,158","8,249,805,506","8,003,392,760","8,014,409,589","7,244,736,271","7,239,186,728","3,714,398,983"
RentExpenseSupplemental,"180,648,000","180,648,000","1,142,408,000","1,142,166,000","1,027,561,000","887,412,000","838,843,000","782,179,000","757,698,000","644,527,000",,,,,,,,,,,
InterestIncomeAfterProvisionForLoanLoss,"53,267,586,000","53,267,586,000","51,716,495,000","33,782,078,000","41,312,711,000","40,914,890,000","39,754,381,000","39,676,613,000","31,982,786,000","35,611,286,000","31,723,000,000","22,311,000,000","18,720,000,000","19,154,403,840","17,895,940,000","17,033,752,050","13,378,473,480","12,914,020,920","10,923,884,520","7,730,936,700","10,923,283,780"
NetIncomeFromContinuingAndDiscontinuedOperation,"21,023,023,000","21,023,023,000","16,583,915,000","17,089,364,000","17,894,249,000","18,132,906,000","15,314,943,000","12,395,920,000","11,291,570,000","10,958,054,000","9,662,000,000","9,216,000,000","7,018,000,000","7,907,111,680","6,446,547,500","6,306,807,990","3,328,018,120","2,293,710,150","2,113,272,540","2,268,887,100","3,507,852,110"
NormalizedIncome,"21,250,476,820","21,250,476,820","17,113,339,595","17,390,409,653","18,202,496,720","18,315,879,120","15,603,790,967.7","12,588,108,800","10,863,849,224","20,893,034,580","13,650,812,121.212","13,281,256,565.952","9,806,500,000","7,907,111,680","6,446,547,500","6,306,807,990","3,100,749,810.25","1,656,289,605.033","1,975,021,065.421","-1,446,555,696.376","3,507,852,110"
TotalMoneyMarketInvestments,"4,304,875,000","4,304,875,000","3,916,299,000","4,881,319,000","5,667,516,000","4,587,412,000","4,277,351,000","3,110,877,000","3,808,229,000","6,112,337,000","12,341,000,000","9,641,000,000","8,661,000,000","5,065,465,600","4,704,295,000","4,896,474,030","4,440,898,880","5,643,392,520","5,302,650,360","2,779,793,100",
ReconciledDepreciation,"5,865,768,000","5,865,768,000","4,808,255,000","4,568,568,000","3,657,146,000","2,942,003,000","2,932,687,000","2,753,103,000","2,538,260,000","2,120,335,000","2,183,000,000","1,713,000,000","1,683,000,000","1,365,628,160","874,325,000","712,171,950","1,067,728,080","1,006,924,330","658,406,520","578,252,700",
NetIncomeFromContinuingOperationNetMinorityInterest,"21,023,023,000","21,023,023,000","16,583,915,000","17,089,364,000","17,894,249,000","18,132,906,000","15,314,943,000","12,395,920,000","11,291,570,000","10,958,054,000","9,662,000,000","9,216,000,000","7,018,000,000","7,907,111,680","6,446,547,500","6,306,807,990","3,328,018,120","2,293,710,150","2,113,272,540","2,268,887,100","3,507,852,110"
TotalUnusualItemsExcludingGoodwill,"-344,627,000","-344,627,000","-614,895,000","-412,957,000","-467,042,000","-277,232,000","-362,101,000","-220,400,000","584,318,000","-13,154,853,000","-6,209,000,000","-6,008,000,000","-4,225,000,000",,,,"268,260,040","732,833,180","148,672,440","4,616,732,400",
TotalUnusualItems,"-344,627,000","-344,627,000","-614,895,000","-412,957,000","-467,042,000","-277,232,000","-362,101,000","-220,400,000","584,318,000","-13,154,853,000","-6,209,000,000","-6,008,000,000","-4,225,000,000",,,,"268,260,040","732,833,180","148,672,440","4,616,732,400",
TaxRateForCalcs,"0.34","0.34","0.139","0.271","0.34","0.34","0.202","0.128","0.268","0.245","0.358","0.323","0.34","0.298","0.26","0.278","0.153","0.13","0.07","0.195","0.187"
TaxEffectOfUnusualItems,"-117,173,180","-117,173,180","-85,470,405","-111,911,347","-158,794,280","-94,258,880","-73,253,032.3","-28,211,200","156,597,224","-3,219,872,420","-2,220,187,878.788","-1,942,743,434.048","-1,436,500,000","0","0","0","40,991,730.25","95,412,635.033","10,420,965.421","901,289,603.624","0"