name,ttm,03/31/2020,12/31/2019,09/30/2019,06/30/2019,03/31/2019,12/31/2018,09/30/2018,06/30/2018,03/31/2018,12/31/2017,09/30/2017,06/30/2017,03/31/2017,12/31/2016,09/30/2016,06/30/2016,03/31/2016,12/31/2015,09/30/2015,06/30/2015,03/31/2015,12/31/2014,09/30/2014,06/30/2014,03/31/2014,12/31/2013,09/30/2013,06/30/2013,03/31/2013,12/31/2012,09/30/2012,06/30/2012,03/31/2012,12/31/2011,09/30/2011,06/30/2011,03/31/2011,12/31/2010,09/30/2010,06/30/2010,03/31/2010,12/31/2009,09/30/2009,06/30/2009,03/31/2009,12/31/2008,09/30/2008,06/30/2008,03/31/2008,12/31/2007,09/30/2007,06/30/2007,03/31/2007,12/31/2006,09/30/2006,06/30/2006,03/31/2006,12/31/2005,09/30/2005,06/30/2005,03/31/2005,12/31/2004,09/30/2004,06/30/2004,03/31/2004,12/31/2003,09/30/2003,06/30/2003,03/31/2003,12/31/2002,09/30/2002,06/30/2002,03/31/2002,12/31/2001,09/30/2001,06/30/2001,03/31/2001,12/31/2000,09/30/2000,06/30/2000,03/31/2000,12/31/1999,09/30/1999,06/30/1999,03/31/1999,12/31/1998,09/30/1998,06/30/1998,03/31/1998,12/31/1997,09/30/1997,06/30/1997,03/31/1997,12/31/1996,09/30/1996,06/30/1996,03/31/1996,12/31/1995,09/30/1995,06/30/1995,03/31/1995,12/31/1994,09/30/1994,06/30/1994,03/31/1994,12/31/1993,09/30/1993,06/30/1993,03/31/1993,12/31/1992,09/30/1992,06/30/1992,03/31/1992,12/31/1991,09/30/1991,06/30/1991,03/31/1991,12/31/1990,09/30/1990,06/30/1990,03/31/1990,12/31/1989,09/30/1989,06/30/1989,03/31/1989
TotalRevenue,"22,987,000,000","3,833,000,000","9,044,000,000","4,925,000,000","5,185,000,000","5,037,000,000","4,881,000,000","4,610,000,000","5,048,000,000","5,946,000,000","5,549,000,000","5,054,000,000","5,264,000,000","5,334,000,000","6,580,000,000","5,125,000,000","8,072,000,000","4,682,000,000","6,680,000,000","4,826,000,000","4,753,000,000","4,438,000,000","8,680,000,000","4,285,000,000","4,443,000,000","4,053,000,000","8,660,000,000","3,436,000,000","4,146,000,000","4,037,000,000","7,209,000,000","3,486,000,000","3,392,000,000","5,447,000,000","11,822,000,000","3,573,000,000","5,687,000,000","6,381,000,000","4,549,000,000","5,024,000,000","6,724,000,000","6,077,000,000","4,437,000,000","3,254,000,000","4,463,000,000","4,885,000,000","7,448,000,000","4,767,000,000","4,890,000,000","4,804,000,000","8,893,534,830","4,190,000,000","5,259,303,630","4,984,000,000","6,864,952,026.84","3,599,000,000","5,389,810,808.2","3,638,000,000","9,264,313,789.16","3,243,000,000","3,259,000,000","2,859,000,000","2,980,505,770.8","3,030,954,420","2,872,719,360","2,997,460,380","4,061,563,832.72","2,908,969,350","2,858,502,790","2,871,139,250","4,106,494,295.65","2,781,777,020","3,567,390,400","3,541,715,100","3,628,884,223.81","3,956,110,800","3,791,005,200","3,481,727,500","3,845,691,240","3,463,331,300","2,635,023,100","3,220,511,400","4,316,161,828","1,707,727,752","1,901,277,560","2,366,660,438","1,769,952,174","1,753,762,472","1,770,771,225","1,800,102,337","1,723,896,531","1,633,485,056","1,454,246,522","1,208,018,691",,,,,,,,,,,,,,,,,,,,,,,,,,,,,,,,
	OperatingRevenue,"22,987,000,000","3,833,000,000","9,044,000,000","4,925,000,000","5,185,000,000","5,037,000,000","4,881,000,000","4,610,000,000","5,048,000,000","5,946,000,000","5,549,000,000","5,054,000,000","5,264,000,000","5,334,000,000","6,580,000,000","5,125,000,000","8,072,000,000","4,682,000,000","6,680,000,000","4,826,000,000","4,753,000,000","4,438,000,000","8,680,000,000","4,285,000,000","4,443,000,000","4,053,000,000","8,660,000,000","3,436,000,000","4,146,000,000","4,037,000,000","7,209,000,000","3,486,000,000","3,392,000,000","5,447,000,000","11,822,000,000","3,573,000,000","5,687,000,000","6,381,000,000","4,549,000,000","5,024,000,000","6,724,000,000","6,077,000,000","4,437,000,000","3,254,000,000","4,463,000,000","4,885,000,000","7,448,000,000","4,767,000,000","4,890,000,000","4,804,000,000","8,893,534,830","4,190,000,000","5,259,303,630","4,984,000,000","6,864,952,026.84","3,599,000,000","5,389,810,808.2","3,638,000,000","9,264,313,789.16","3,243,000,000","3,259,000,000","2,859,000,000","2,980,505,770.8","3,030,954,420","2,872,719,360","2,997,460,380","4,061,563,832.72","2,908,969,350","2,858,502,790","2,871,139,250","4,106,494,295.65","2,781,777,020","3,567,390,400","3,541,715,100","3,628,884,223.81","3,956,110,800","3,791,005,200","3,481,727,500","3,845,691,240","3,463,331,300","2,635,023,100","3,220,511,400","4,316,161,828","1,707,727,752","1,901,277,560","2,366,660,438","1,769,952,174","1,753,762,472","1,770,771,225","1,800,102,337","1,723,896,531","1,633,485,056","1,454,246,522","1,208,018,691",,,,,,,,,,,,,,,,,,,,,,,,,,,,,,,,
PretaxIncome,"3,006,000,000","-1,435,000,000","460,000,000","1,886,000,000","2,095,000,000","1,957,000,000","1,568,000,000","1,569,000,000","2,116,000,000","2,237,000,000","916,000,000","1,982,000,000","1,969,000,000","2,065,000,000","1,285,000,000","1,716,000,000","2,053,000,000","1,338,000,000","1,548,000,000","1,289,000,000","1,604,000,000","1,442,000,000","895,000,000","976,000,000","1,092,000,000","1,017,000,000","-1,766,000,000","373,000,000","1,040,000,000","1,513,000,000","-514,000,000","69,000,000","582,000,000","1,423,000,000","-375,000,000","1,002,000,000","1,484,000,000","1,659,000,000","1,162,000,000","1,609,000,000","1,789,000,000","1,862,000,000","-1,740,000,000","1,947,000,000","2,168,000,000","1,834,000,000","885,000,000","1,807,000,000","2,177,000,000","2,056,000,000","1,610,780,210","1,869,000,000","2,275,411,600","2,714,000,000","763,174,557.82","1,557,000,000","2,173,033,681","1,526,000,000","1,193,561,986.82","1,406,000,000","1,522,000,000","1,203,000,000","1,138,192,018.72","1,055,888,340","937,077,120","974,803,660","285,298,221.86","928,193,700","815,225,180","721,217,000","-164,353,752.97","615,697,280","584,834,600","860,475,000","-615,903,361.88","918,774,900","1,083,648,600","842,463,900","904,020,040","747,081,940","837,748,380","708,345,100","1,218,362,972","344,744,208","454,359,360","465,120,258","321,360,806","304,116,736","391,713,575","350,048,270","422,274,818","344,337,784","342,922,373","286,207,240",,,,,,,,,,,,,,,,,,,,,,,,,,,,,,,,
TaxProvision,"1,698,000,000","186,000,000","430,000,000","488,000,000","577,000,000","559,000,000","421,000,000","428,000,000","605,000,000","611,000,000","499,000,000","550,000,000","546,000,000","573,000,000","314,000,000","465,000,000","558,000,000","362,000,000","333,000,000","294,000,000","429,000,000","386,000,000","90,000,000","243,000,000","292,000,000","273,000,000","-623,000,000","13,000,000","261,000,000","395,000,000","-311,000,000","-236,000,000","-3,000,000","250,000,000","-367,000,000","95,000,000","189,000,000","369,000,000","127,000,000","359,000,000","431,000,000","510,000,000",,"457,000,000","480,000,000","480,000,000","89,000,000","316,000,000","616,000,000","520,000,000","456,987,190","455,000,000","588,799,690","692,000,000","676,299,131.85","377,000,000","503,684,490.4","429,000,000","313,026,490.58","418,000,000","451,000,000","337,000,000","103,835,987.36","324,888,720","256,609,920","308,430,800","-199,511,612.38","356,865,600","163,392,680","208,677,000","-232,376,217.94","127,595,160","7,046,200","274,204,700","-1,008,592,290.1","335,896,200","375,335,400","288,812,150","235,848,900","213,128,080","250,904,590","262,621,300","306,707,266","67,994,856","125,856,770","234,092,880","4,687,554","82,478,088","132,878,425","167,874,608","-112,848,645","158,009,376","141,767,287","137,931,200",,,,,,,,,,,,,,,,,,,,,,,,,,,,,,,,
NetIncomeCommonStockholders,"119,000,000","-1,792,000,000","-574,000,000","1,225,000,000","1,278,000,000","1,164,000,000","1,001,000,000","1,674,000,000","1,245,000,000","1,340,000,000","-231,000,000","1,143,000,000","1,107,000,000","1,199,000,000","418,000,000","965,000,000","1,009,000,000","709,000,000","728,000,000","-1,057,000,000","1,223,000,000","1,536,000,000","689,000,000","601,000,000","704,000,000","624,000,000","-849,000,000","195,000,000","1,147,000,000","1,734,000,000","115,000,000","146,000,000","505,000,000","1,005,000,000","-101,000,000","804,000,000","1,189,000,000","1,150,000,000","1,008,000,000","1,140,000,000","1,358,000,000","1,352,000,000","416,000,000","1,380,000,000","1,561,000,000","1,238,000,000","519,000,000","1,392,000,000","1,157,000,000","1,951,000,000","1,379,793,020","1,339,000,000","1,686,611,910","1,950,000,000","278,875,425.97","1,121,000,000","1,669,349,190.6","1,020,000,000","1,075,535,496.24","914,000,000","998,000,000","815,000,000","1,034,356,031.36","730,999,620","680,467,200","666,372,860","484,809,834.24","571,328,100","651,832,500","512,540,000","68,022,464.97","488,102,120","577,788,400","586,270,300","392,688,928.22","582,878,700","708,313,200","553,651,750","668,171,140","533,953,860","586,843,790","445,723,800","911,655,706","276,749,352","328,502,590","231,027,378","316,673,252","221,638,648","258,835,150","182,173,662","535,123,463","186,328,408","201,155,086","148,276,040","161,180,952","159,058,740","159,364,584","158,071,698","141,889,571","132,083,250","129,699,300","130,327,200","114,492,078","111,228,048","114,757,854","118,889,472","128,360,896","105,864,400","107,408,204","103,640,128","86,918,910","120,936,183","164,370,739","177,310,380","-53,428,781","216,142,395","235,430,504","220,997,044",,,,,,,,
	NetIncome,"538,000,000","-1,792,000,000","-155,000,000","1,225,000,000","1,278,000,000","1,164,000,000","1,001,000,000","1,674,000,000","1,245,000,000","1,340,000,000","70,000,000","1,143,000,000","1,107,000,000","1,199,000,000","678,000,000","965,000,000","1,123,000,000","709,000,000","940,000,000","-1,057,000,000","1,223,000,000","1,536,000,000","689,000,000","601,000,000","704,000,000","624,000,000","-849,000,000","195,000,000","1,147,000,000","1,734,000,000","20,000,000","146,000,000","505,000,000","1,005,000,000","-139,000,000","804,000,000","1,189,000,000","1,150,000,000","938,000,000","1,140,000,000","1,358,000,000","1,352,000,000","416,000,000","1,380,000,000","1,561,000,000","1,238,000,000","1,064,000,000","1,392,000,000","1,157,000,000","1,951,000,000","1,379,793,020","1,339,000,000","1,686,611,910","1,951,000,000","279,875,425.97","1,121,000,000","1,669,349,190.6","1,020,000,000","1,075,535,496.24","915,000,000","998,000,000","816,000,000","1,034,356,031.36","730,999,620","680,467,200","666,372,860","484,809,834.24","571,328,100","651,832,500","512,540,000","68,022,464.97","488,102,120","577,788,400","586,270,300","392,688,928.22","582,878,700","708,313,200","553,651,750","668,171,140","533,953,860","586,843,790","445,723,800","911,655,706","276,749,352","328,502,590","231,027,378","316,673,252","221,638,648","258,835,150","182,173,662","535,123,463","186,328,408","201,155,086","148,276,040","161,180,952","159,058,740","159,364,584","158,071,698","141,889,571","132,083,250","129,699,300","130,327,200","114,492,078","111,228,048","114,757,854","118,889,472","128,360,896","105,864,400","107,408,204","103,640,128","86,918,910","120,936,183","164,370,739","177,310,380","-53,428,781","216,142,395","235,430,504","220,997,044",,,,,,,,
		NetIncomeIncludingNoncontrollingInterests,"1,308,000,000","-1,621,000,000","30,000,000","1,398,000,000","1,519,000,000","1,398,000,000","1,147,000,000","1,774,000,000","1,511,000,000","1,626,000,000","417,000,000","1,431,000,000","1,422,000,000","1,492,000,000","971,000,000","1,251,000,000","1,495,000,000","976,000,000","1,215,000,000","-845,000,000","1,319,000,000","1,639,000,000","805,000,000","733,000,000","800,000,000","744,000,000","-677,000,000","367,000,000","1,349,000,000","1,941,000,000","190,000,000","305,000,000","659,000,000","1,173,000,000","-8,000,000","907,000,000","1,295,000,000","1,290,000,000","1,035,000,000","1,250,000,000","1,287,000,000","1,240,000,000","-322,000,000","1,490,000,000","1,688,000,000","1,354,000,000","431,000,000","1,491,000,000","1,232,000,000","2,045,000,000","1,444,230,160","1,414,000,000","1,761,966,450","2,023,000,000","323,031,336.68","1,180,000,000","1,735,565,759.2","1,097,000,000","1,143,481,999.82","988,000,000","1,070,000,000","866,000,000","992,519,588.16","833,130,480","782,127,360","757,278,780","646,255,285.42","746,329,500","815,225,180","680,946,000","224,223,507.3","652,153,040","789,174,400","801,962,700","268,449,558.39","784,855,500","915,394,800","858,445,600","856,393,720","769,755,140","706,522,130","584,881,700","1,082,204,062","353,722,896","428,376,650","307,014,670","397,319,878","274,163,274","362,296,350","250,047,743","597,189,194","270,834,564","290,636,254","208,620,940","297,208,423","159,058,740","159,364,584","158,071,698","276,502,037","132,083,250","129,699,300","130,327,200","203,132,580","111,228,048","114,757,854","118,889,472","128,360,896","105,864,400","107,408,204","103,640,128","86,918,910","120,936,183","164,370,739","177,310,380","-53,428,781","216,142,395","235,430,504","220,997,044","170,481,168","201,212,544","214,594,536","219,773,892","143,277,632","199,814,640","207,965,032","200,251,032"
			NetIncomeContinuousOperations,"1,308,000,000","-1,621,000,000","30,000,000","1,398,000,000","1,519,000,000","1,398,000,000","1,147,000,000","1,141,000,000","1,511,000,000","1,626,000,000","417,000,000","1,431,000,000","1,422,000,000","1,492,000,000","971,000,000","1,251,000,000","1,495,000,000","976,000,000","1,215,000,000","995,000,000","1,175,000,000","1,056,000,000","805,000,000","733,000,000","800,000,000","744,000,000","-1,143,000,000","360,000,000","779,000,000","1,118,000,000","-203,000,000","305,000,000","584,000,000","1,173,000,000","-8,000,000","907,000,000","1,295,000,000","1,290,000,000","1,035,000,000","1,250,000,000","1,470,000,000","1,240,000,000","-322,000,000","1,490,000,000","1,688,000,000","1,354,000,000","796,000,000","1,491,000,000","1,561,000,000","1,536,000,000","1,153,793,020","1,414,000,000","1,686,611,910","2,022,000,000","86,875,425.97","1,180,000,000","1,669,349,190.6","1,097,000,000","880,535,496.24","988,000,000","1,071,000,000","866,000,000","1,034,356,031.36","730,999,620","680,467,200","666,372,860","484,809,834.24","571,328,100","651,832,500","512,540,000","68,022,464.97","488,102,120","577,788,400","586,270,300","392,688,928.22","582,878,700","708,313,200","553,651,750","668,171,140","533,953,860","586,843,790","445,723,800","911,655,706","276,749,352","328,502,590","231,027,378","316,673,252","221,638,648","258,835,150","182,173,662","535,123,463","186,328,408","201,155,086","148,276,040","161,180,952","159,058,740","159,364,584","158,071,698","141,889,571","132,083,250","129,699,300","130,327,200","114,492,078","111,228,048","114,757,854","118,889,472","128,360,896","105,864,400","107,408,204","103,640,128","86,918,910","120,936,183","164,370,739","177,310,380","-53,428,781","216,142,395","235,430,504","220,997,044","170,481,168","201,212,544","214,594,536","219,773,892","143,277,632","199,814,640","207,965,032","200,251,032"
			NetIncomeDiscontinuousOperations,,,,,,"0",,,,,"0",,,,"0",,,"0","0",,,,,,,,"466,000,000","7,000,000","570,000,000","823,000,000","138,000,000",,"75,000,000",,,,"0","0",,,,,,,,,,,,,,,,,,,,,,,,,,,,,,,,,,,,,,,,,,,,,,,,,,,,,,,,,,,,,,,,,,,,,,,,,,,,,,,,,,,,,,,,
			NetIncomeExtraordinary,,,,,,,,,,,,,,,,,,,,,,,,,,,,,,,,,,,,,,,,,,,,,,,,,"-329,000,000","509,000,000",,,,,,,,,,,,,,,,,,,,,,,,,,,,,,,,,,,,,,,,,,,,,,,,,,,,,,,,,,,,,,,,,,,,,,,,,,,,
			NetIncomeFromTaxLossCarryforward,,,,"0","0","0","0","633,000,000","0",,,"0",,,"0",,,"0","4,000,000","-1,840,000,000","144,000,000","583,000,000","0","0","0","0","-1,245,000,000",,,,,,,,,,,,,,,,,,,,,,,,,,,,,,,,,,,,,,,,,,,,,,,,,,,,,,,,,,,,,,,,,,,,,,,,,,,,,,,,,,,,,,,,,,,,,,,,,,,
		MinorityInterests,"-771,000,000","-172,000,000","-185,000,000","-173,000,000","-241,000,000","-234,000,000","-145,000,000","-100,000,000","-265,000,000","-286,000,000","-347,000,000","-288,000,000","-315,000,000","-293,000,000","-293,000,000","-286,000,000","-373,000,000","-266,000,000","-275,000,000","-212,000,000","-97,000,000","-103,000,000","-116,000,000","-132,000,000","-95,000,000","-120,000,000","-172,000,000","-172,000,000","-202,000,000","-206,000,000","-170,000,000","-159,000,000","-154,000,000","-168,000,000","-131,000,000","-103,000,000","-106,000,000","-140,000,000","-97,000,000","-110,000,000","-295,000,000","112,000,000","738,000,000","-110,000,000","-127,000,000","-116,000,000","633,000,000","-99,000,000","-75,000,000","-94,000,000","-64,437,140","-75,000,000","-75,354,540","-72,000,000","-43,155,910.71","-59,000,000","-66,216,568.6","-77,000,000","-67,946,503.58","-73,000,000","-72,000,000","-50,000,000","41,836,443.2","-102,130,860","-101,660,160","-90,905,920","-161,445,451.18","-175,001,400","-163,392,680","-168,406,000","-156,201,042.33","-164,050,920","-211,386,000","-215,692,400","124,239,369.83","-201,976,800","-207,081,600","-304,793,850","-188,222,580","-235,801,280","-119,678,340","-139,157,900","-170,548,356","-76,973,544","-99,874,060","-75,987,292","-80,646,626","-52,524,626","-103,461,200","-67,874,081","-62,065,731","-84,506,156","-89,481,168","-60,344,900",,,,,,,,,,,,,,,,,,,,,,,,,,,,,,,,
	OtherunderPreferredStockDividend,,,,,,,,,,,,,,,,,,,,,,,,,,,,,,,,,,,,,,,,,,,,,,,"545,000,000",,,,,,,"1,000,000",,,,,,"1,000,000",,"1,000,000",,,,,,,,,,,,,,,,,,,,,,,,,,,,,,,,,,,,,,,,,,,,,,,,,,,,,,,,,,,,,,,,
DilutedNIAvailtoComStockholders,"119,000,000","-1,792,000,000","-574,000,000","1,225,000,000","1,278,000,000","1,164,000,000","1,001,000,000","1,674,000,000","1,245,000,000","1,340,000,000","-231,000,000","1,143,000,000","1,107,000,000","1,199,000,000","418,000,000","965,000,000","1,009,000,000","709,000,000","728,000,000","-1,057,000,000","1,223,000,000","1,536,000,000","689,000,000","601,000,000","704,000,000","624,000,000","-849,000,000","195,000,000","1,147,000,000","1,734,000,000","115,000,000","146,000,000","505,000,000","1,005,000,000","-101,000,000","804,000,000","1,189,000,000","1,150,000,000","1,008,000,000","1,140,000,000","1,358,000,000","1,352,000,000","416,000,000","1,380,000,000","1,561,000,000","1,238,000,000","519,000,000","1,392,000,000","1,157,000,000","1,951,000,000","1,379,793,020","1,339,000,000","1,686,611,910","1,950,000,000","278,875,425.97","1,121,000,000","1,669,349,190.6","1,020,000,000","1,075,535,496.24","914,000,000","998,000,000","815,000,000","1,034,356,031.36","730,999,620","680,467,200","666,372,860","484,809,834.24","571,328,100","651,832,500","512,540,000","68,022,464.97","488,102,120","577,788,400","586,270,300","392,688,928.22","582,878,700","708,313,200","553,651,750","668,171,140","533,953,860","586,843,790","445,723,800","911,655,706","276,749,352","328,502,590","231,027,378","316,673,252","221,638,648","258,835,150","182,173,662","535,123,463","186,328,408","201,155,086","148,276,040","161,180,952","159,058,740","159,364,584","158,071,698","141,889,571","132,083,250","129,699,300","130,327,200","114,492,078","111,228,048","114,757,854","118,889,472","128,360,896","105,864,400","107,408,204","103,640,128","86,918,910","120,936,183","164,370,739","177,310,380","-53,428,781","216,142,395","235,430,504","220,997,044",,,,,,,,
BasicEPS,,"-0.29","-0.04","0.17","0.17","0.175","0.14","0.24","0.187","0.19","0.011","0.16","0.16","0.17","0.09","0.13",,"0.1","0.14","-0.17","0.19","0.25","0.11","0.1","0.12","0.11","-0.15","0.03","0.2","0.31","0.01","0.03","0.09","0.204",,"0.16",,"0.25",,"0.28",,"0.315",,"0.37","0.413","0.335",,"0.357",,"0.522",,"0.371","0.472","0.541",,"0.326","0.485","0.296",,"0.265","0.29","0.236",,"0.214","0.195","0.197",,"0.172","0.214","0.157",,"0.155","0.198","0.177",,"0.243","0.221","0.167",,"0.145","0.207","0.144",,"0.129","0.162","0.11",,"0.109","0.125","0.091",,"0.089","0.096","0.076",,"0.079","0.079","0.078",,"0.06","0.059","0.059",,"0.056","0.058","0.06",,"0.067","0.068","0.066",,"0.035","0.081","0.087",,"0.104","0.113","0.106",,,,"0.106",,,,"0.098"
DilutedEPS,,"-0.29","-0.04","0.17","0.17","0.175","0.14","0.24","0.187","0.19","0.011","0.16","0.16","0.17","0.09","0.13",,"0.1","0.14","-0.17","0.19","0.25","0.11","0.1","0.12","0.1","-0.15","0.03","0.2","0.31","0.01","0.03","0.09","0.204",,"0.16",,"0.25",,"0.28",,"0.315",,"0.37","0.413","0.335",,"0.357",,"0.522",,"0.371","0.472","0.541",,"0.326","0.485","0.296",,"0.265","0.29","0.236",,"0.214","0.195","0.197",,"0.172","0.214","0.157",,"0.155","0.198","0.177",,"0.243","0.221","0.167",,"0.145","0.207","0.144",,"0.129","0.162","0.11",,"0.109","0.125","0.091",,"0.089","0.096","0.076",,"0.079","0.079","0.078",,"0.06","0.059","0.059",,"0.056","0.058","0.06",,"0.067","0.068","0.066",,"0.035","0.081","0.087",,"0.104","0.113","0.106",,,,"0.106",,,,"0.098"
BasicAverageShares,,"6,179,310,345","6,655,269,391","7,205,882,353","7,517,647,059","6,641,000,000","7,150,000,000","6,975,000,000","6,654,546,998","7,052,631,579","6,654,546,998","7,143,750,000","6,918,750,000","7,052,941,176","7,533,333,333","7,423,076,923",,"7,090,000,000","6,714,285,714","6,217,647,059","6,436,842,105","6,144,000,000","6,263,636,364","6,010,000,000","5,866,666,667","5,672,727,273","5,660,000,000","6,500,000,000","5,735,000,000","5,593,548,387","5,433,386,609","4,866,666,667","5,611,111,111","4,919,236,417",,"5,025,000,000",,"4,490,908,285",,"4,071,428,571",,"3,808,524,663",,"3,729,729,730","3,776,716,458","3,727,164,840",,"3,776,955,210",,"3,775,939,080",,"3,588,971,160","3,588,971,160","3,609,293,760",,"3,442,648,440","3,442,648,440","3,445,546,489",,"3,445,546,442","3,445,546,442","3,445,546,442",,"3,445,696,830","3,445,696,830","3,445,696,830",,"3,247,551,480","3,247,551,480","3,247,551,480",,"3,247,551,480","3,247,551,480","3,247,401,136",,"3,247,551,480","3,247,401,136","3,247,401,136",,"3,203,544,267","3,203,413,941","2,977,868,608",,"2,147,663,336","2,032,857,724","2,105,929,425",,"2,041,623,957","2,062,743,900","1,993,647,060",,"2,099,324,580","2,093,227,800","1,941,937,333",,"2,018,034,180","2,018,034,180","2,018,034,180",,"2,191,030,312","2,191,030,312","2,191,030,312",,"1,994,518,029","1,994,489,536","1,994,518,029",,"1,580,082,150","1,580,082,150","1,580,082,150",,"2,135,798,315","2,038,707,748","2,038,726,282",,"2,081,503,223","2,081,503,223","2,081,487,212",,,,"2,116,766,451",,,,"2,116,766,451"
DilutedAverageShares,,"6,179,310,345","6,655,269,391","7,205,882,353","7,517,647,059","6,641,000,000","7,150,000,000","6,975,000,000","6,654,546,998","7,052,631,579","6,654,546,998","7,143,750,000","6,918,750,000","7,052,941,176","7,533,333,333","7,423,076,923",,"7,090,000,000","6,714,285,714","6,217,647,059","6,436,842,105","6,144,000,000","6,263,636,364","6,010,000,000","5,866,666,667","6,240,000,000","5,660,000,000","6,500,000,000","5,735,000,000","5,593,548,387","5,433,386,609","4,866,666,667","5,611,111,111","4,919,236,417",,"5,025,000,000",,"4,490,908,285",,"4,071,428,571",,"3,808,524,663",,"3,762,828,980","3,776,716,458","3,727,164,840",,"3,776,955,210",,"3,775,939,080",,"3,588,971,160","3,588,971,160","3,609,293,760",,"3,442,648,440","3,442,648,440","3,445,546,489",,"3,445,546,442","3,445,546,442","3,445,546,442",,"3,445,696,830","3,445,696,830","3,445,696,830",,"3,247,551,480","3,247,551,480","3,247,551,480",,"3,247,551,480","3,247,551,480","3,247,401,136",,"3,247,551,480","3,247,401,136","3,247,401,136",,"3,203,544,267","3,203,413,941","2,977,868,608",,"2,147,663,336","2,032,857,724","2,105,929,425",,"2,041,623,957","2,062,743,900","1,993,647,060",,"2,099,324,580","2,093,227,800","1,941,937,333",,"2,018,034,180","2,018,034,180","2,018,034,180",,"2,191,030,312","2,191,030,312","2,191,030,312",,"1,994,518,029","1,994,489,536","1,994,518,029",,"1,580,082,150","1,580,082,150","1,580,082,150",,"2,135,798,315","2,038,707,748","2,038,726,282",,"2,081,503,223","2,081,503,223","2,081,487,212",,,,"2,116,766,451",,,,"2,116,766,451"
RentExpenseSupplemental,,,,,,,,,,,"136,000,000",,,,"146,000,000",,,,"108,000,000",,,,,,,,,,,,,,,,,,,,,,,,,,,,,,,,,,,,,,,,,,,,,,,,,,,,,,,,,,,,,,,,,,,,,,,,,,,,,,,,,,,,,,,,,,,,,,,,,,,,,,,,,,,
NetIncomeFromContinuingAndDiscontinuedOperation,"538,000,000","-1,792,000,000","-155,000,000","1,225,000,000","1,278,000,000","1,164,000,000","1,001,000,000","1,041,000,000","1,245,000,000","1,340,000,000","70,000,000","1,143,000,000","1,107,000,000","1,199,000,000","678,000,000","965,000,000","1,123,000,000","709,000,000","940,000,000","783,000,000","1,079,000,000","953,000,000","689,000,000","601,000,000","704,000,000","624,000,000","-849,000,000","195,000,000","1,147,000,000","1,734,000,000","20,000,000","146,000,000","505,000,000","1,005,000,000","-139,000,000","804,000,000","1,189,000,000","1,150,000,000","938,000,000","1,140,000,000","1,541,000,000","1,352,000,000","416,000,000","1,380,000,000","1,561,000,000","1,238,000,000","1,064,000,000","1,392,000,000","1,486,000,000","1,442,000,000","1,379,793,020","1,339,000,000","1,686,611,910","1,951,000,000","279,875,425.97","1,121,000,000","1,669,349,190.6","1,020,000,000","1,075,535,496.24","915,000,000","998,000,000","816,000,000","1,034,356,031.36","730,999,620","680,467,200","666,372,860","484,809,834.24","571,328,100","651,832,500","512,540,000","68,022,464.97","488,102,120","577,788,400","586,270,300","392,688,928.22","582,878,700","708,313,200","553,651,750","668,171,140","533,953,860","586,843,790","445,723,800","911,655,706","276,749,352","328,502,590","231,027,378","316,673,252","221,638,648","258,835,150","182,173,662","535,123,463","186,328,408","201,155,086","148,276,040","161,180,952","159,058,740","159,364,584","158,071,698","141,889,571","132,083,250","129,699,300","130,327,200","114,492,078","111,228,048","114,757,854","118,889,472","128,360,896","105,864,400","107,408,204","103,640,128","86,918,910","120,936,183","164,370,739","177,310,380","-53,428,781","216,142,395","235,430,504","220,997,044",,,,,,,,
NormalizedIncome,"538,000,000","-1,792,000,000","-155,000,000","1,225,000,000","1,278,000,000","1,164,000,000","1,001,000,000","1,041,000,000","1,245,000,000","1,938,210,996.871","270,250,000","1,143,000,000","1,107,000,000","1,199,000,000","892,602,334.63","965,000,000","1,123,000,000","709,000,000","1,012,994,186.047","783,000,000","1,079,000,000","953,000,000","689,000,000","601,000,000","704,000,000","624,000,000","-1,315,000,000","188,000,000","577,000,000","911,000,000","-184,000,000","538,700,000","430,000,000","1,899,381,588.194","-139,000,000","954,261,477.046","2,079,094,339.623","1,614,990,958.409","1,823,361,445.783","1,140,000,000","2,272,756,288.429","1,757,890,440.387","2,633,000,000","1,380,000,000","1,561,000,000","1,887,683,751.363","1,780,849,717.514","2,197,321,527.393","1,486,000,000","1,442,000,000","428,539,134.586","1,699,876,404.494","2,013,529,867.88","2,240,815,033.161","279,875,425.97","1,406,716,120.745","1,669,349,190.6","1,245,007,208.388","1,075,535,496.24","1,063,972,972.973","1,091,589,356.11","909,582,709.892","1,034,356,031.36","769,414,680","730,475,288.189","746,825,869.742","604,625,317.62","603,537,909.704","455,170,882.196","581,485,736.041","138,843,542.85","394,977,373.421","919,886,867.47","644,897,330","598,033,658.324","696,390,322.581","792,910,867.752","591,162,031.165","575,179,655.216","649,819,416.874","552,280,308.634","927,000,163.072","944,148,209.081","328,104,901.856","336,463,749.707","325,277,630.4","316,673,252","263,072,212.219","310,770,684.631","259,499,974.8","535,123,463","230,755,016.8","198,119,117.8","200,000,240","161,180,952","159,058,740","159,364,584","158,071,698","141,889,571","132,083,250","129,699,300","130,327,200","114,492,078","111,228,048","114,757,854","118,889,472","128,360,896","105,864,400","107,408,204","103,640,128","86,918,910","120,936,183","164,370,739","177,310,380","-53,428,781","216,142,395","235,430,504","220,997,044",,,,,,,,
InterestIncome,"31,219,000,000","4,556,000,000","17,586,000,000","4,488,000,000","4,566,000,000","4,420,000,000","4,692,000,000","4,256,000,000","4,302,000,000","4,288,000,000","7,835,000,000","4,399,000,000","4,481,000,000","4,322,000,000","7,072,000,000","4,310,000,000","9,550,000,000","4,152,000,000","7,059,000,000","4,490,000,000","3,858,000,000","3,663,000,000","11,970,000,000","3,830,000,000","3,647,000,000","3,391,000,000","12,659,000,000","3,551,000,000","3,679,000,000","3,623,000,000","15,042,000,000","3,880,000,000","3,741,000,000","3,597,000,000","14,512,000,000","3,286,000,000","5,932,000,000","5,569,000,000","5,374,000,000","3,245,000,000","5,364,000,000","5,093,000,000","5,450,000,000","3,434,000,000","3,586,000,000","3,272,000,000","21,989,000,000","2,971,000,000","2,951,000,000","2,734,000,000","18,595,279,140","2,381,000,000","5,846,625,780","2,199,000,000","13,729,692,316.55","1,999,000,000","4,621,500,301.6","1,933,000,000","11,124,916,745.9","1,779,000,000","1,697,000,000","1,528,000,000","1,396,751,463.68","3,396,052,140","3,317,072,640","3,072,133,100","2,647,732,507.03","3,044,509,650","3,344,335,280","3,467,882,250","3,563,406,740.28","4,300,767,020","4,785,376,400","4,598,378,400","3,506,376,627.72","5,734,384,800","5,740,631,400","5,930,352,250","6,394,045,020","5,516,389,560","4,121,554,060","3,707,040,900","6,278,555,364","2,503,089,864","2,863,796,910","2,671,817,228","2,671,796,014","2,624,449,366","2,437,349,150","2,443,559,767","2,077,489,687","2,313,773,140","2,233,389,589","2,108,623,220",,,,,,,,,,,,,,,,,,,,,,,,,,,,,,,,
InterestExpense,,,,,,"3,346,000,000",,,,,"3,278,000,000",,,,"2,687,000,000",,,,"2,637,000,000",,,,,,,,,,,,,,,,,,"2,718,000,000","2,394,000,000","2,236,000,000",,"1,813,000,000","1,707,000,000","1,860,000,000",,,,,,,,,,"3,540,185,840",,,,"2,594,797,951.2",,,,,,"1,741,357,737.6","1,584,234,600","1,500,307,200","1,390,373,580","1,400,563,034.35","1,370,844,300","1,649,570,780","1,822,262,750","2,095,124,166.55","2,566,080,440","2,645,344,800","2,486,199,100","1,755,858,742.7","3,288,709,200","3,621,574,800","3,848,165,050","4,117,547,500","3,746,746,300","2,612,977,090","2,256,869,100","3,737,220,676","1,459,878,552","1,785,369,560","1,566,471,522","1,799,971,104","1,575,399,364","1,451,644,425","1,444,297,305","1,383,619,538","1,448,509,468","1,378,968,714","1,367,243,020",,,,,,,,,,,,,,,,,,,,,,,,,,,,,,,,
NetInterestIncome,"18,360,000,000","4,556,000,000","4,727,000,000","4,488,000,000","4,566,000,000","4,420,000,000","4,692,000,000","4,256,000,000","4,302,000,000","4,288,000,000","4,556,000,000","4,399,000,000","4,481,000,000","4,322,000,000","4,385,000,000","4,310,000,000","4,213,000,000","4,152,000,000","4,422,000,000","4,490,000,000","3,858,000,000","3,663,000,000","3,514,000,000","3,830,000,000","3,647,000,000","3,391,000,000","3,047,000,000","3,551,000,000","3,679,000,000","3,623,000,000","3,902,000,000","3,880,000,000","3,741,000,000","3,597,000,000","3,484,000,000","3,286,000,000","3,214,000,000","3,175,000,000","3,138,000,000","3,245,000,000","3,551,000,000","3,386,000,000","3,590,000,000","3,434,000,000","3,586,000,000","3,272,000,000","3,271,000,000","2,971,000,000","2,951,000,000","2,734,000,000","2,638,513,590","2,381,000,000","2,306,439,940","2,199,000,000","2,514,131,568.03","1,999,000,000","2,026,702,350.4","1,933,000,000","2,199,497,059.61","1,779,000,000","1,697,000,000","1,528,000,000","-344,606,273.92","1,811,817,540","1,816,765,440","1,681,759,520","1,247,169,472.68","1,673,665,350","1,694,764,500","1,645,619,500","1,468,282,573.73","1,734,686,580","2,140,031,600","2,112,179,300","1,750,517,885.02","2,445,675,600","2,119,056,600","2,082,187,200","2,276,497,520","1,769,643,260","1,508,576,970","1,450,171,800","2,541,334,688","1,043,211,312","1,078,427,350","1,105,345,706","871,824,910","1,049,050,002","985,704,725","999,262,462","693,870,149","865,263,672","854,420,875","741,380,200",,,,,,,,,,,,,,,,,,,,,,,,,,,,,,,,
ReconciledDepreciation,"1,604,000,000","397,000,000","406,000,000","403,000,000","398,000,000","392,000,000","305,000,000","297,000,000","295,000,000","307,000,000","330,000,000","345,000,000","359,000,000","354,000,000","365,000,000","372,000,000","345,000,000","344,000,000","340,000,000","360,000,000","299,000,000","291,000,000","311,000,000","286,000,000","286,000,000","279,000,000","257,000,000","283,000,000","279,000,000","276,000,000","286,000,000","262,000,000","236,000,000","232,000,000","227,000,000","216,000,000","208,000,000","196,000,000","199,000,000","197,000,000","191,000,000","174,000,000","169,000,000","174,000,000","178,000,000","175,000,000","187,000,000","174,000,000","161,000,000","177,000,000",,"147,000,000",,"120,000,000",,"115,000,000",,"128,000,000",,"117,000,000","105,000,000","102,000,000",,,,,,,,,,,,,,,,,,,,,,,,,,,,,,,,,,,,,,,,,,,,,,,,,,,,,,,,,,,,,,,,
NetIncomeFromContinuingOperationNetMinorityInterest,"538,000,000","-1,792,000,000","-155,000,000","1,225,000,000","1,278,000,000","1,164,000,000","1,001,000,000","1,041,000,000","1,245,000,000","1,340,000,000","70,000,000","1,143,000,000","1,107,000,000","1,199,000,000","678,000,000","965,000,000","1,123,000,000","709,000,000","940,000,000","783,000,000","1,079,000,000","953,000,000","689,000,000","601,000,000","704,000,000","624,000,000","-1,315,000,000","188,000,000","577,000,000","911,000,000","-373,000,000","146,000,000","430,000,000","1,005,000,000","-139,000,000","804,000,000","1,189,000,000","1,150,000,000","938,000,000","1,140,000,000","1,541,000,000","1,352,000,000","416,000,000","1,380,000,000","1,561,000,000","1,238,000,000","1,064,000,000","1,392,000,000","1,486,000,000","1,442,000,000","1,379,793,020","1,339,000,000","1,686,611,910","1,951,000,000","279,875,425.97","1,121,000,000","1,669,349,190.6","1,020,000,000","1,075,535,496.24","915,000,000","998,000,000","816,000,000","1,034,356,031.36","730,999,620","680,467,200","666,372,860","484,809,834.24","571,328,100","651,832,500","512,540,000","68,022,464.97","488,102,120","577,788,400","586,270,300","392,688,928.22","582,878,700","708,313,200","553,651,750","668,171,140","533,953,860","586,843,790","445,723,800","911,655,706","276,749,352","328,502,590","231,027,378","316,673,252","221,638,648","258,835,150","182,173,662","535,123,463","186,328,408","201,155,086","148,276,040","161,180,952","159,058,740","159,364,584","158,071,698","141,889,571","132,083,250","129,699,300","130,327,200","114,492,078","111,228,048","114,757,854","118,889,472","128,360,896","105,864,400","107,408,204","103,640,128","86,918,910","120,936,183","164,370,739","177,310,380","-53,428,781","216,142,395","235,430,504","220,997,044",,,,,,,,
TotalUnusualItemsExcludingGoodwill,,,,,,"-23,000,000",,,,"-823,000,000","-267,000,000",,,,"-284,000,000",,,,"-93,000,000",,,,,,,,,,,,"-270,000,000","-561,000,000",,"-1,085,000,000",,"-166,000,000","-1,020,000,000","-598,000,000","-994,000,000",,"-964,000,000","-559,000,000","-2,217,000,000",,,"-880,000,000","-797,000,000","-976,000,000",,,"1,328,020,630","-477,000,000","-441,045,690","-389,000,000",,"-377,000,000",,"-313,000,000",,"-212,000,000","-133,000,000","-130,000,000",,"-55,488,420","-68,866,560","-117,690,700","-199,692,472.3","-52,328,850","245,958,130","-97,016,500","-118,035,129.8","117,468,560","-346,270,400","-86,047,500","-342,241,216.84","-178,925,100","-129,426,000","-57,077,500","125,815,320","-162,113,380","49,341,070","-764,845,300","-43,423,918","-63,973,152","-11,011,260","-157,083,754",,"-56,852,180","-78,597,725","-128,877,188",,"-74,044,348","5,059,947","-86,207,000",,,,,,,,,,,,,,,,,,,,,,,,,,,,,,,,
TotalUnusualItems,,,,,,"-23,000,000",,,,"-823,000,000","-267,000,000",,,,"-284,000,000",,,,"-93,000,000",,,,,,,,,,,,"-270,000,000","-561,000,000",,"-1,085,000,000",,"-166,000,000","-1,020,000,000","-598,000,000","-994,000,000",,"-964,000,000","-559,000,000","-2,217,000,000",,,"-880,000,000","-797,000,000","-976,000,000",,,"1,328,020,630","-477,000,000","-441,045,690","-389,000,000",,"-377,000,000",,"-313,000,000",,"-212,000,000","-133,000,000","-130,000,000",,"-55,488,420","-68,866,560","-117,690,700","-199,692,472.3","-52,328,850","245,958,130","-97,016,500","-118,035,129.8","117,468,560","-346,270,400","-86,047,500","-342,241,216.84","-178,925,100","-129,426,000","-57,077,500","125,815,320","-162,113,380","49,341,070","-764,845,300","-43,423,918","-63,973,152","-11,011,260","-157,083,754",,"-56,852,180","-78,597,725","-128,877,188",,"-74,044,348","5,059,947","-86,207,000",,,,,,,,,,,,,,,,,,,,,,,,,,,,,,,,
TaxRateForCalcs,"0.4","0.4","0.25","0.259","0.275","0.286","0.268","0.273","0.286","0.273","0.25","0.277","0.277","0.277","0.244","0.271","0.272","0.271","0.215","0.228","0.267","0.268","0.101","0.249","0.267","0.268","0.353","0.035","0.251","0.261","0.3","0.3","0.3","0.176","0.3","0.095","0.127","0.222","0.109","0.223","0.241","0.274","0","0.235","0.221","0.262","0.101","0.175","0.283","0.253","0.284","0.243","0.259","0.255","0.4","0.242","0.232","0.281","0.262","0.297","0.296","0.28","0.091","0.308","0.274","0.316","0.4","0.384","0.2","0.289","0.4","0.207","0.012","0.319","0.4","0.366","0.346","0.343","0.261","0.285","0.299","0.371","0.252","0.197","0.277","0.4","0.015","0.271","0.339","0.4","0.4","0.4","0.4","0.4","0.4","0.4","0.4","0.4","0.4","0.4","0.4","0.4","0.4","0.4","0.4","0.4","0.4","0.4","0.4","0.4","0.4","0.4","0.4","0.4","0.4","0.4","0.4","0.4",,,,,,,,
TaxEffectOfUnusualItems,"0","0","0","0","0","0","0","0","0","-224,789,003.129","-66,750,000","0","0","0","-69,397,665.37","0","0","0","-20,005,813.953","0","0","0","0","0","0","0","0","0","0","0","-81,000,000","-168,300,000","0","-190,618,411.806","0","-15,738,522.954","-129,905,660.377","-133,009,041.591","-108,638,554.217","0","-232,243,711.571","-153,109,559.613","0","0","0","-230,316,248.637","-80,150,282.486","-170,678,472.607","0","0","376,766,744.586","-116,123,595.506","-114,127,732.12","-99,184,966.839","0","-91,283,879.255","0","-87,992,791.612","0","-63,027,027.027","-39,410,643.89","-36,417,290.108","0","-17,073,360","-18,858,471.811","-37,237,690.258","-79,876,988.92","-20,119,040.296","49,296,512.196","-28,070,763.959","-47,214,051.92","24,343,813.421","-4,171,932.53","-27,420,470","-136,896,486.736","-65,413,477.419","-44,828,332.248","-19,567,218.835","32,823,835.216","-46,247,823.126","14,777,588.634","-283,568,936.928","-10,931,414.919","-12,617,602.144","-3,050,100.293","-62,833,501.6","0","-15,418,615.781","-26,662,190.369","-51,550,875.2","0","-29,617,739.2","2,023,978.8","-34,482,800","0","0","0","0","0","0","0","0","0","0","0","0","0","0","0","0","0","0","0","0","0","0","0","0",,,,,,,,