name,ttm,12/31/2019,12/31/2018,12/31/2017,12/31/2016,12/31/2015,12/31/2014,12/31/2013,12/31/2012,12/31/2011,12/31/2010,12/31/2009,12/31/2008,12/31/2007,12/31/2006
TotalRevenue,"34,287,411,000","46,338,362,000","37,750,793,000","36,904,203,000","35,853,614,000","17,268,192,000","23,835,357,000","21,866,778,000","22,799,507,000","25,245,272,000","24,223,827,000","20,987,957,000","13,945,643,000","10,046,637,000","5,247,511,000"
	NetInterestIncome,"45,290,438,000","44,321,107,000","41,921,342,000","34,946,489,000","30,586,493,000","31,337,111,000","27,228,512,000","28,479,221,000","31,691,870,000","27,901,764,000","24,095,078,000","22,167,091,000","6,905,319,000","5,849,070,000","3,133,937,000"
		InterestIncome,"73,126,965,000","72,841,060,000","70,478,393,000","71,418,349,000","77,146,077,000","69,870,200,000","58,923,916,000","51,217,046,000","52,660,682,000","51,736,080,000","40,909,204,000","39,342,956,000","30,354,954,000","14,424,304,000","7,545,857,000"
			InterestIncomeFromLoansAndLease,,"54,249,876,000","49,449,177,000","49,614,572,000","51,450,710,000","46,920,576,000","41,198,819,000","36,488,492,000","39,777,557,000","36,616,832,000",,,,,
				InterestIncomeFromLoans,,"54,249,876,000","49,449,177,000","49,614,572,000","51,450,710,000","46,920,576,000","41,198,819,000","36,488,492,000","39,777,557,000","36,616,832,000",,,,,
			InterestIncomeFromSecurities,,"13,528,096,000","13,629,167,000","13,456,802,000","14,783,164,000","14,872,834,000","10,419,408,000","6,529,253,000","6,081,759,000","8,084,155,000",,,,,
			InterestIncomeFromDeposits,,"3,827,648,000","5,095,828,000","5,953,765,000","7,315,570,000","4,625,467,000","5,951,667,000","6,796,728,000","5,731,269,000","6,297,438,000",,,,,
			OtherInterestIncome,,"1,235,440,000","2,304,221,000","2,393,210,000","3,596,633,000","3,451,323,000","1,354,022,000","1,402,573,000","1,070,097,000","737,655,000",,,,,
		InterestExpense,"27,836,527,000","28,519,953,000","28,557,051,000","36,471,860,000","46,559,584,000","38,533,089,000","31,695,404,000","22,737,825,000","20,968,812,000","23,834,316,000","16,814,126,000","17,175,865,000","23,449,635,000","8,575,234,000","4,411,920,000"
			InterestExpenseForDeposit,,"19,832,315,000","5,367,471,000","3,782,781,000","29,063,167,000","25,250,626,000","21,295,579,000","15,291,356,000","15,079,394,000","18,500,618,000",,,,,
			InterestExpenseForLongTermDebtAndCapitalSecurities,,,"25,336,000","52,984,000","731,594,000","1,019,302,000","883,215,000","810,273,000","1,010,807,000","1,213,239,000",,,,,
			OtherInterestExpense,,"8,687,638,000","23,164,244,000","32,636,095,000","16,764,823,000","12,263,161,000","9,516,610,000","6,636,196,000","4,878,611,000","4,120,459,000",,,,,
	NonInterestIncome,"-11,003,027,000","2,017,255,000","-4,170,549,000","1,957,714,000","5,267,121,000","-14,068,919,000","-3,393,155,000","-6,612,443,000","-8,892,363,000","-2,656,492,000","128,749,000","-1,179,134,000","7,040,324,000","4,197,567,000","2,113,574,000"
		TotalPremiumsEarned,,,,,,,,"0","0",,,,,,
		FeesAndCommissions,"16,193,399,000","15,713,152,000","14,132,159,000","12,721,868,000","10,977,596,000","9,483,509,000","8,765,886,000","8,100,456,000","7,753,426,000","7,339,498,000","6,835,508,000","6,237,762,000","1,123,932,000",,
			FeesandCommissionIncome,"21,220,713,000","20,392,458,000","17,728,452,000","15,815,543,000","13,548,481,000","11,797,191,000","11,853,838,000","10,741,623,000","9,754,411,000","8,769,170,000","7,833,293,000","7,148,164,000",,,
				ServiceChargeOnDepositorAccounts,,"12,539,507,000","10,659,459,000","9,578,546,000","7,740,516,000","6,572,267,000","6,459,022,000","6,352,696,000","6,183,820,000",,,,,,
				OtherCustomerServices,,"7,852,951,000","7,068,993,000","6,236,997,000","5,807,965,000","5,224,924,000","5,394,816,000","4,388,927,000","3,570,591,000",,,,,,
			FeesandCommissionExpense,"5,027,314,000","4,679,306,000","3,596,293,000","3,093,675,000","2,570,885,000","2,313,682,000","3,087,952,000","2,641,167,000","2,000,985,000","1,429,672,000","997,785,000","910,402,000",,,
		TradingGainLoss,"11,361,760,000","2,391,080,000","-2,764,859,000","1,174,111,000","3,166,399,000","-19,936,801,000","2,270,059,000","-2,599,638,000","-1,456,274,000",,,,,,
		ForeignExchangeTradingGains,"-26,069,785,000","-2,788,537,000","-2,806,471,000","605,056,000","4,574,814,000","10,084,420,000","-3,635,599,000","551,059,000","378,032,000","-121,364,000","416,900,000","-51,191,000",,,
		GainLossonSaleofAssets,"-12,488,401,000","-13,298,440,000","-12,731,378,000","-12,543,321,000","-13,451,688,000","-13,700,047,000","-10,793,501,000","-12,664,320,000","-15,567,547,000","-9,495,208,000","-6,775,660,000","-7,250,081,000","0","0","0"
			GainOnSaleOfSecurity,"-12,488,401,000","-13,298,440,000","-12,731,378,000","-12,543,321,000","-13,451,688,000","-13,700,047,000","-10,793,501,000","-12,664,320,000","-15,567,547,000","-9,495,208,000","-6,775,660,000","-7,250,081,000","0","0","0"
		OtherNonInterestIncome,,,,,,,,,,"-379,418,000","-347,999,000","-115,624,000","5,916,392,000","4,197,567,000","2,113,574,000"
CreditLossesProvision,"-3,865,415,000","-3,681,586,000","-1,999,604,000","-3,309,239,000","-2,724,742,000","-4,001,294,000","-2,036,237,000","-2,692,818,000","-2,206,528,000","-3,061,463,000","-1,974,326,000","-3,480,693,000",,,
NonInterestExpense,"19,491,521,000","19,333,383,000","18,532,097,000","17,782,842,000","16,403,049,000","16,005,149,000","15,303,945,000","15,102,276,000","15,034,748,000","13,834,666,000","12,468,012,000","12,195,829,000","12,692,748,000","8,112,431,000","4,215,954,000"
	OccupancyAndEquipment,"2,845,718,000","2,806,815,000","3,116,965,000","2,649,210,000","2,525,365,000","2,461,031,000","2,315,793,000","2,357,617,000","2,245,628,000",,,,,,
		Equipment,"2,845,718,000","2,806,815,000","3,116,965,000","2,649,210,000","2,525,365,000","2,461,031,000","2,315,793,000","2,357,617,000","2,245,628,000",,,,,,
	SellingGeneralAndAdministration,"14,093,477,000","14,022,699,000","13,586,196,000","13,348,815,000","12,310,113,000","11,926,079,000","11,547,634,000","11,404,047,000","10,892,646,000","12,372,632,000","11,230,602,000","10,947,217,000","5,416,887,000","2,871,100,000","1,453,449,000"
		GeneralAndAdministrativeExpense,"13,374,689,000","13,309,844,000","12,964,551,000","12,731,252,000","11,823,341,000","11,402,736,000","11,080,538,000","10,942,582,000","10,393,590,000","12,372,632,000","11,230,602,000","10,947,217,000","5,416,887,000","2,871,100,000","1,453,449,000"
			SalariesAndWages,"9,324,130,000","9,327,714,000","9,206,007,000","8,937,278,000","8,377,265,000","7,798,792,000","7,203,442,000","7,045,610,000","7,126,786,000","6,643,731,000","5,926,176,000","5,510,972,000","3,004,485,000","1,913,672,000","1,063,293,000"
			InsuranceAndClaims,"29,999,000","34,778,000","29,434,000","27,289,000","21,308,000","20,975,000","17,004,000","14,522,000","12,003,000",,,,,,
			OtherGandA,"4,020,560,000","3,947,352,000","3,729,110,000","3,766,685,000","3,424,768,000","3,582,969,000","3,860,092,000","3,882,450,000","3,254,801,000","5,728,901,000","5,304,426,000","5,436,245,000","2,412,402,000","957,428,000","390,156,000"
		SellingAndMarketingExpense,"718,788,000","712,855,000","621,645,000","617,563,000","486,772,000","523,343,000","467,096,000","461,465,000","499,056,000",,,,,,
	DepreciationAmortizationDepletionIncomeStatement,"2,437,799,000","2,391,857,000","1,739,959,000","1,662,247,000","1,482,639,000","1,490,017,000","1,362,129,000","1,251,916,000","1,831,100,000","1,462,034,000","1,237,410,000","1,248,612,000",,,
		DepreciationAndAmortizationInIncomeStatement,"2,437,799,000","2,391,857,000","1,739,959,000","1,662,247,000","1,482,639,000","1,490,017,000","1,362,129,000","1,251,916,000","1,831,100,000","1,462,034,000","1,237,410,000","1,248,612,000",,,
			DepreciationIncomeStatement,"1,918,262,000","1,870,836,000","1,216,704,000","1,190,967,000","1,154,588,000","1,029,706,000","872,749,000","726,989,000","724,990,000","570,132,000","487,626,000",,,,
			Amortization,"519,537,000","521,021,000","523,255,000","471,280,000","328,051,000","460,311,000","489,380,000","524,927,000","1,106,110,000","891,902,000","749,784,000",,,,
				AmortizationOfIntangiblesIncomeStatement,"519,537,000","521,021,000","523,255,000","471,280,000","328,051,000","460,311,000","489,380,000","524,927,000","1,106,110,000","891,902,000","749,784,000",,,,
	OtherNonInterestExpense,"114,527,000","112,012,000","88,977,000","122,570,000","84,932,000","128,022,000","78,389,000","88,696,000","65,374,000",,,,"7,275,861,000","5,241,331,000","2,762,505,000"
IncomefromAssociatesandOtherParticipatingInterests,"169,837,000","168,421,000","98,581,000","154,671,000","306,082,000","259,193,000","313,398,000","172,628,000","167,058,000","147,943,000","95,663,000","325,317,000","5,640,000","2,950,000","15,290,000"
SpecialIncomeCharges,"119,684,000","-110,946,000","-352,052,000","-781,096,000","-23,432,000","-389,537,000","105,233,000","218,833,000","410,453,000","-38,646,000","-20,600,000","-900,554,000",,,
	ImpairmentOfCapitalAssets,"105,305,000","103,924,000","300,865,000","306,110,000","5,838,000","679,254,000","5,123,000","285,862,000","11,280,000","38,646,000","20,600,000","900,554,000",,,
	WriteOff,"28,067,000","27,511,000","207,445,000","150,601,000","108,483,000","541,391,000","8,874,000","58,718,000","49,632,000",,,,,,
	OtherSpecialCharges,"-255,048,000","-20,489,000","-156,258,000","324,385,000","-90,889,000","-831,108,000","-101,482,000","-563,413,000","-448,805,000",,,,,,
OtherNonOperatingIncomeExpenses,"-1,111,095,000","-1,107,719,000","-1,055,850,000","-672,013,000","-624,571,000","-347,123,000","-470,477,000","-444,888,000","-624,991,000","452,096,000","139,951,000","3,400,931,000","11,586,000","495,128,000","-26,738,000"
PretaxIncome,"10,108,901,000","22,273,149,000","15,909,771,000","14,513,684,000","16,383,902,000","-3,215,718,000","6,443,329,000","4,018,257,000","5,510,751,000","8,910,536,000","9,996,503,000","8,137,129,000","1,264,481,000","2,429,334,000","1,004,819,000"
TaxProvision,"-6,715,228,000","5,641,699,000","3,109,853,000","5,375,636,000","8,918,984,000","-13,049,544,000","735,553,000","233,596,000","51,473,000","1,154,683,000","2,613,929,000","2,629,165,000","-973,341,000","170,780,000","53,498,000"
NetIncomeCommonStockholders,"8,085,791,000","7,965,194,000","6,108,349,000","4,332,026,000","3,560,288,000","4,748,896,000","2,733,205,000","5,723,494,000","2,776,769,000","7,747,925,000","7,382,093,000","5,507,606,000","1,580,613,000","1,845,396,000","803,619,000"
	NetIncome,"16,655,267,000","16,406,932,000","12,582,477,000","8,924,064,000","7,334,563,000","9,783,740,000","5,630,023,000","5,723,494,000","5,448,660,000","7,747,925,000","7,382,093,000","5,507,606,000","1,598,650,000","1,845,399,000","803,619,000"
		NetIncomeIncludingNoncontrollingInterests,"16,824,129,000","16,631,450,000","12,799,918,000","9,138,048,000","7,464,918,000","9,833,826,000","5,707,776,000","5,848,124,000","5,459,278,000","7,755,853,000","7,382,574,000","5,507,964,000","1,616,687,000","1,845,402,000","803,619,000"
			NetIncomeContinuousOperations,"16,824,129,000","16,631,450,000","12,799,918,000","9,138,048,000","7,464,918,000","9,833,826,000","5,707,776,000","3,784,661,000","5,459,278,000","7,755,853,000","7,382,574,000","5,507,964,000","1,616,687,000","1,845,402,000","803,619,000"
			NetIncomeDiscontinuousOperations,,,,,,"0","0","2,063,463,000",,,,,,,
		MinorityInterests,"-168,862,000","-224,518,000","-217,441,000","-213,984,000","-130,355,000","-50,086,000","-77,753,000","-124,630,000","-10,618,000","-7,928,000","-481,000","-358,000","-18,037,000","-3,000","0"
	PreferredStockDividends,"8,569,476,000","8,441,738,000","6,474,128,000","4,592,038,000","3,774,275,000","5,034,844,000","2,896,818,000",,"2,671,891,000",,,,,,
AverageDilutionEarnings,,"0","0",,,,,,,,,,,,
DilutedNIAvailtoComStockholders,"8,085,791,000","7,965,194,000","6,108,349,000","4,331,955,000","3,560,222,000","4,748,810,000","2,733,184,000","5,723,494,000","2,776,737,000","7,747,925,000","7,382,093,000","5,507,606,000","1,580,613,000","1,845,396,000","803,619,000"
BasicEPS,,"2.095","1.604","1.133","0.93","1.237","0.71","0.791","0.719","1.02","0.99","0.843","0.64","0.748","0.326"
DilutedEPS,,"2.095","1.604","1.132","0.929","1.236","0.709","0.791","0.719","1.02","0.99","0.843","0.64","0.748","0.326"
BasicAverageShares,,"7,465,747,000","7,475,913,000","7,505,202,000","7,518,251,000","7,539,458,000","7,562,024,000","7,234,166,522","7,235,756,775","7,255,420,135","7,255,420,135","6,245,644,146","2,844,664,409","2,467,947,489","2,467,947,489"
DilutedAverageShares,,"7,465,747,000","7,475,913,000","7,511,714,000","7,525,563,000","7,546,628,000","7,565,114,000","7,237,073,206","7,239,919,980","7,255,420,135","7,255,420,135","6,245,644,146","2,844,664,409","2,467,947,489","2,467,947,489"
InterestIncomeAfterProvisionForLoanLoss,"41,425,023,000","40,639,521,000","39,921,738,000","31,637,250,000","27,861,751,000","27,335,817,000","25,192,275,000","25,786,403,000","29,485,342,000","24,840,301,000","22,120,752,000","18,686,398,000","6,905,319,000","5,849,070,000","3,133,937,000"
NetIncomeFromContinuingAndDiscontinuedOperation,"16,655,267,000","16,406,932,000","12,582,477,000","8,924,064,000","7,334,563,000","9,783,740,000","5,630,023,000","5,723,494,000","5,448,660,000","7,747,925,000","7,382,093,000","5,507,606,000","1,598,650,000","1,845,399,000","803,619,000"
NormalizedIncome,"16,583,456,600","16,489,775,378.2","12,865,702,834","9,415,842,041.6","7,350,028,120","10,040,834,420","5,536,807,608.6","3,453,912,197.3","5,042,024,212.9","7,781,563,009.547","7,397,306,422.574","6,117,184,514.984","1,598,650,000","1,845,399,000","803,619,000"
TotalMoneyMarketInvestments,,"3,827,648,000","5,095,828,000","5,953,765,000","7,315,570,000","4,625,467,000","5,951,667,000","6,796,728,000","5,731,269,000","6,297,438,000",,,,,
ReconciledDepreciation,"2,437,799,000","2,391,857,000","1,739,959,000","1,662,247,000","1,482,639,000","1,490,017,000","1,362,129,000","1,251,916,000","1,831,100,000","1,462,034,000","1,237,410,000","1,248,612,000","1,396,401,000","416,387,000","206,096,000"
NetIncomeFromContinuingOperationNetMinorityInterest,"16,655,267,000","16,406,932,000","12,582,477,000","8,924,064,000","7,334,563,000","9,783,740,000","5,630,023,000","3,660,031,000","5,448,660,000","7,747,925,000","7,382,093,000","5,507,606,000","1,598,650,000","1,845,399,000","803,619,000"
TotalUnusualItemsExcludingGoodwill,"119,684,000","-110,946,000","-352,052,000","-781,096,000","-23,432,000","-389,537,000","105,233,000","218,833,000","410,453,000","-38,646,000","-20,600,000","-900,554,000",,,
TotalUnusualItems,"119,684,000","-110,946,000","-352,052,000","-781,096,000","-23,432,000","-389,537,000","105,233,000","218,833,000","410,453,000","-38,646,000","-20,600,000","-900,554,000",,,
TaxRateForCalcs,"0.4","0.253","0.196","0.37","0.34","0.34","0.114","0.058","0.009","0.13","0.261","0.323","0.34","0.07","0.053"
TaxEffectOfUnusualItems,"47,873,600","-28,102,621.8","-68,826,166","-289,317,958.4","-7,966,880","-132,442,580","12,017,608.6","12,714,197.3","3,817,212.9","-5,007,990.453","-5,386,577.426","-290,975,485.016","0","0","0"