name,ttm,03/31/2020,12/31/2019,09/30/2019,06/30/2019,03/31/2019,12/31/2018,09/30/2018,06/30/2018,03/31/2018,12/31/2017,09/30/2017,06/30/2017,03/31/2017,12/31/2016,09/30/2016,06/30/2016,03/31/2016,12/31/2015,09/30/2015,06/30/2015,03/31/2015,12/31/2014,09/30/2014,06/30/2014,03/31/2014,12/31/2013,09/30/2013,06/30/2013,03/31/2013,12/31/2012,09/30/2012,06/30/2012,03/31/2012,12/31/2011,03/31/2011,03/31/2010
TotalRevenue,"69,271,000,000","22,476,000,000","2,675,751,277","22,269,498,171","21,849,683,734","21,207,066,818","20,173,956,802","20,908,634,672","20,106,640,674","18,971,767,852","586,000,000","18,678,000,000","18,558,000,000","18,330,000,000","18,042,000,000","4,886,000,000","16,374,000,000","16,167,000,000","16,261,000,000","15,060,000,000","14,975,000,000","14,049,000,000","14,091,000,000","13,541,000,000","13,896,000,000","12,852,000,000","13,203,000,000","13,010,000,000","13,734,000,000","13,030,000,000","12,661,000,000","12,459,000,000","13,289,000,000","12,493,151,066","10,555,566,860","12,076,670,278","10,479,858,781"
	OperatingRevenue,"69,271,000,000","22,476,000,000","2,675,751,277","22,269,498,171","21,849,683,734","21,207,066,818","20,173,956,802","20,908,634,672","20,106,640,674","18,971,767,852","586,000,000","18,678,000,000","18,558,000,000","18,330,000,000","18,042,000,000","4,886,000,000","16,374,000,000","16,167,000,000","16,261,000,000","15,060,000,000","14,975,000,000","14,049,000,000","14,091,000,000","13,541,000,000","13,896,000,000","12,852,000,000","13,203,000,000","13,010,000,000","13,734,000,000","13,030,000,000","12,661,000,000","12,459,000,000","13,289,000,000","12,493,151,066","10,555,566,860","12,076,670,278","10,479,858,781"
OperatingExpense,"40,929,000,000","9,785,000,000","11,879,441,769","9,782,518,656","9,482,167,431","9,255,872,144","10,510,860,786","9,003,293,747","8,844,613,590","8,218,231,877","7,499,000,000","8,350,000,000","8,174,000,000","7,392,000,000","7,283,000,000","6,626,000,000","7,435,000,000","7,259,000,000","6,437,000,000","6,684,000,000","6,699,000,000","6,570,000,000","6,059,000,000","6,115,000,000","6,106,000,000","6,043,000,000","5,730,000,000","2,843,000,000","5,314,000,000","5,394,000,000","5,996,000,000","5,279,000,000","4,534,000,000",,,,
	SellingGeneralAndAdministration,"12,227,000,000","9,785,000,000","-16,822,558,231","9,782,518,656","9,482,167,431","9,255,872,144","-14,786,139,214","9,003,293,747","8,844,613,590","8,218,231,877","-476,000,000","3,313,000,000","3,217,000,000","2,601,000,000","7,283,000,000","292,000,000","2,647,000,000","2,622,000,000","6,437,000,000","2,434,000,000","2,435,000,000","2,300,000,000","6,059,000,000","2,155,000,000","2,295,000,000","2,162,000,000","5,730,000,000","1,985,000,000","5,314,000,000","1,990,000,000","5,996,000,000","1,981,000,000","4,534,000,000","4,475,790,463","5,221,481,547","4,001,751,226","3,848,038,969"
		GeneralAndAdministrativeExpense,"11,262,000,000","9,785,000,000","-17,787,558,231","9,782,518,656","9,482,167,431","9,255,872,144","-15,676,139,214","9,003,293,747","8,844,613,590","8,218,231,877","-698,000,000","3,009,000,000","2,986,000,000","2,390,000,000","7,283,000,000","-146,000,000","2,442,000,000","2,458,000,000","6,437,000,000","2,346,000,000","2,281,000,000","2,126,000,000","6,059,000,000","2,061,000,000","2,124,000,000","2,025,000,000","5,730,000,000","1,841,000,000","5,314,000,000","1,829,000,000","5,996,000,000","1,855,000,000","4,534,000,000","4,475,790,463","5,221,481,547","4,001,751,226","3,848,038,969"
			RentAndLandingFees,,,,,,,,,,,"452,000,000","508,000,000","513,000,000","490,000,000","415,000,000","453,000,000","471,000,000","469,000,000","555,000,000","427,000,000","429,000,000","433,000,000","393,000,000","421,000,000","403,000,000","405,000,000","327,000,000","369,000,000",,"367,000,000",,"339,000,000",,,,,
			OtherGandA,,,,,,,,,,,,,,,,,,,,,,,,,,,,,,,,,,"4,475,790,463","5,221,481,547","4,001,751,226","3,848,038,969"
		SellingAndMarketingExpense,,,,,,,,,,,"222,000,000","304,000,000","231,000,000","211,000,000","73,000,000","438,000,000","205,000,000","164,000,000","243,000,000","88,000,000","154,000,000","174,000,000","162,000,000","94,000,000","171,000,000","137,000,000","208,000,000","144,000,000",,"161,000,000",,"126,000,000",,,,,
	OtherOperatingExpenses,"7,957,000,000","0","7,957,000,000","0","0","0","6,775,000,000","0","0","0","4,272,000,000","395,000,000","374,000,000","397,000,000","0","3,012,000,000","559,000,000","486,000,000","0","355,000,000","381,000,000","422,000,000","0","381,000,000","375,000,000","464,000,000","0","362,000,000","0","281,000,000","0","412,000,000","0",,,,
PretaxIncome,"27,526,000,000","7,318,000,000","5,307,953,160","7,426,708,677","7,474,015,859","7,081,322,304","5,399,158,253","6,576,931,860","6,838,953,391","5,998,956,496","7,293,000,000","5,190,000,000","5,887,000,000","5,804,000,000","5,991,000,000","6,947,000,000","4,880,000,000","4,642,000,000","5,428,000,000","4,399,000,000","4,211,000,000","4,204,000,000","4,719,000,000","4,026,000,000","4,636,000,000","3,975,000,000","3,899,000,000","7,593,000,000","5,099,000,000","5,291,000,000","3,737,000,000","4,900,000,000","6,778,000,000","6,068,048,417","3,310,687,106","4,462,923,824","4,286,994,138"
TaxProvision,"7,022,000,000","1,904,000,000","1,342,976,674","1,910,177,200","1,864,527,963","1,791,318,163","1,036,660,255","1,481,601,551","1,667,472,626","1,272,265,568","1,810,000,000","1,124,000,000","1,278,000,000","1,284,000,000","1,450,000,000","1,214,000,000","1,172,000,000","1,102,000,000","1,204,000,000","935,000,000","972,000,000","989,000,000","895,000,000","782,000,000","948,000,000","716,000,000","-293,000,000","1,762,000,000","831,000,000","574,000,000","475,000,000","728,000,000","1,510,000,000","1,054,335,042","-81,389,582","1,009,678,074","1,278,736,064"
NetIncomeCommonStockholders,"20,504,000,000","5,414,000,000","3,964,976,486","5,516,531,477","5,609,487,896","5,290,004,141","4,359,497,998","5,095,330,309","5,171,480,765","4,726,690,928","5,483,000,000","4,066,000,000","4,609,000,000","4,520,000,000","4,542,000,000","5,733,000,000","3,708,000,000","3,539,000,000","4,224,000,000","3,464,000,000","3,238,000,000","3,215,000,000","3,824,000,000","3,244,000,000","3,687,000,000","3,259,000,000","6,134,000,000","5,882,000,000","4,143,000,000","4,717,000,000","3,310,000,000","4,214,000,000","5,286,000,000","5,013,282,010","7,741,783,727","3,453,245,750","3,394,056,667"
	NetIncome,"20,504,000,000","5,414,000,000","3,964,976,486","5,516,531,477","5,609,487,896","5,290,004,141","4,359,497,998","5,095,330,309","5,171,480,765","4,726,690,928","5,483,000,000","4,066,000,000","4,609,000,000","4,520,000,000","4,542,000,000","5,733,000,000","3,708,000,000","3,539,000,000","4,224,000,000","3,464,000,000","3,238,000,000","3,215,000,000","3,824,000,000","3,244,000,000","3,687,000,000","3,259,000,000","6,134,000,000","5,882,000,000","4,143,000,000","4,717,000,000","3,310,000,000","4,214,000,000","5,286,000,000","5,013,282,010","7,741,783,727","3,453,245,750","3,394,056,667"
		NetIncomeIncludingNoncontrollingInterests,"20,504,000,000","5,414,000,000","3,964,976,486","5,516,531,477","5,609,487,896","5,290,004,141","4,362,497,998","5,095,330,309","5,171,480,765","4,726,690,928","5,483,000,000","4,066,000,000","4,609,000,000","4,520,000,000","4,541,000,000","5,733,000,000","3,708,000,000","3,540,000,000","4,224,000,000","3,464,000,000","3,239,000,000","3,215,000,000","3,824,000,000","3,244,000,000","3,688,000,000","3,259,000,000","6,135,000,000","5,882,000,000","4,144,000,000","4,717,000,000","3,311,000,000","4,214,000,000","5,287,000,000","5,013,713,375","7,740,188,401","3,453,245,750","3,394,683,671"
			NetIncomeContinuousOperations,"20,504,000,000","5,414,000,000","3,964,976,486","5,516,531,477","5,609,487,896","5,290,004,141","4,362,497,998","5,095,330,309","5,171,480,765","4,726,690,928","5,483,000,000","4,066,000,000","4,609,000,000","4,520,000,000","4,541,000,000","5,733,000,000","3,708,000,000","3,540,000,000","4,224,000,000","3,464,000,000","3,239,000,000","3,215,000,000","3,824,000,000","3,244,000,000","3,688,000,000","3,259,000,000","4,192,000,000","5,831,000,000","4,268,000,000","4,717,000,000","3,262,000,000","4,172,000,000","5,268,000,000","5,013,713,375","3,392,076,688","3,453,245,750","3,008,258,074"
			NetIncomeDiscontinuousOperations,,,,"0","0","0",,"0","0","0",,,,,,,,,,"0","0",,"0","0","0","0","1,943,000,000","51,000,000","-124,000,000","0","49,000,000","42,000,000","19,000,000","0","4,348,111,713","0","386,425,597"
		MinorityInterests,,,"0","0","0","0","-3,000,000","0","0","0","0","0","0","0","1,000,000","0","0","-1,000,000","0","0","-1,000,000","0","0","0","-1,000,000","0","-1,000,000","0","-1,000,000","0","-1,000,000","0","-1,000,000","-431,365","1,595,326","0","-627,004"
DilutedNIAvailtoComStockholders,"20,504,000,000","5,414,000,000","3,964,976,486","5,516,531,477","5,609,487,896","5,290,004,141","4,359,497,998","5,095,330,309","5,171,480,765","4,726,690,928","5,483,000,000","4,066,000,000","4,609,000,000","4,520,000,000","4,542,000,000","5,733,000,000","3,708,000,000","3,539,000,000","4,224,000,000","3,464,000,000","3,238,000,000","3,215,000,000","3,824,000,000","3,244,000,000","3,687,000,000","3,259,000,000","6,134,000,000","5,882,000,000","4,143,000,000","4,717,000,000","3,310,000,000","4,214,000,000","5,286,000,000","5,013,282,010","7,741,783,727","3,453,245,750","3,394,056,667"
BasicEPS,,"4",,,,"3.897",,,,"3.482",,"2.995","3.4","3.35","3.346",,"2.735","2.6","3.112","2.556","2.389","2.35","2.817","2.394","5.15","2.4","4.519","4.334","3.052","3.5","2.439","3.105",,,,,
DilutedEPS,,"4",,,,"3.897",,,,"3.482",,"2.995","3.4","3.35","3.346",,"2.735","2.6","3.112","2.556","2.389","2.35","2.817","2.394","5.15","2.4","4.519","4.334","3.052","3.5","2.439","3.105",,,,,
BasicAverageShares,,"1,355,439,555",,,,"1,357,398,871",,,,"1,357,398,871",,"1,357,398,861","1,355,484,630","1,355,536,457","1,357,278,982",,"1,355,946,867","1,355,709,179","1,357,278,982","1,355,379,367","1,355,576,027","1,355,624,978","1,357,278,982","1,354,970,963","1,357,278,983","1,357,278,983","1,357,278,982","1,357,278,982",,"1,347,714,286","1,357,278,982","1,357,278,982",,,,,
DilutedAverageShares,,"1,357,398,871",,,,"1,357,398,871",,,,"1,357,398,871",,"1,357,398,861","1,355,484,630","1,357,278,983","1,357,278,982",,"1,355,946,867","1,357,278,983","1,357,278,982","1,355,379,367","1,355,576,027","1,357,278,983","1,357,278,982","1,354,970,963","1,357,278,983","1,357,278,983","1,357,278,982","1,357,278,982",,"1,357,278,983","1,357,278,982","1,357,278,982",,,,,
NetIncomeFromContinuingAndDiscontinuedOperation,"20,504,000,000","5,414,000,000","3,964,976,486","5,516,531,477","5,609,487,896","5,290,004,141","4,359,497,998","5,095,330,309","5,171,480,765","4,726,690,928","5,483,000,000","4,066,000,000","4,609,000,000","4,520,000,000","4,542,000,000","5,733,000,000","3,708,000,000","3,539,000,000","4,224,000,000","3,464,000,000","3,238,000,000","3,215,000,000","3,824,000,000","3,244,000,000","3,687,000,000","3,259,000,000","6,134,000,000","5,882,000,000","4,143,000,000","4,717,000,000","3,310,000,000","4,214,000,000","5,286,000,000","5,013,282,010","7,741,783,727","3,453,245,750","3,394,056,667"
NormalizedIncome,"20,504,000,000","5,414,000,000","3,964,976,486","5,516,531,477","5,609,487,896","5,290,004,141","4,359,497,998","5,095,330,309","5,171,480,765","4,726,690,928","5,318,352,118.47","4,116,922,928.709","4,578,466,900","4,520,000,000","4,542,000,000","5,366,664,000","3,779,440,000","3,638,953,000","4,224,000,000","3,463,213,000","3,297,213,000","3,258,605,000","3,824,000,000","3,245,612,000","3,730,780,000","3,147,480,000","4,191,000,000","5,816,409,060.977","4,267,000,000","4,790,104,139.104","3,261,000,000","4,366,125,714.286","5,267,000,000","5,013,282,010","3,393,672,014","3,453,245,750","3,007,631,070"
InterestIncome,"124,304,000,000","30,847,000,000","32,436,513,635","30,464,455,893","30,555,885,776","30,773,144,696","31,252,802,426","28,828,281,655","27,516,940,729","25,987,975,190","26,021,000,000","24,955,000,000","24,245,000,000","22,722,000,000","21,337,000,000","19,831,000,000","18,153,000,000","17,940,000,000","17,296,000,000","16,025,000,000","15,688,000,000","14,848,000,000","15,043,000,000","14,325,000,000","14,374,000,000","13,671,000,000","13,663,000,000","13,694,000,000","14,201,000,000","13,641,000,000","14,259,000,000","13,904,000,000","13,830,000,000","13,426,353,817","12,908,368,944","10,277,203,021","9,760,944,546"
InterestExpense,"57,701,000,000","13,951,000,000","15,906,401,793","13,876,154,590","13,967,673,010","14,323,770,607","14,460,639,307","13,033,148,518","12,722,599,788","11,372,612,387","11,613,000,000","10,624,000,000","10,633,000,000","9,288,000,000","8,387,000,000","7,332,000,000","6,297,000,000","6,207,000,000","5,865,000,000","5,186,000,000","5,194,000,000","4,896,000,000","5,244,000,000","4,775,000,000","5,083,000,000","4,649,000,000","4,279,000,000","4,553,000,000","5,302,000,000","4,972,000,000","5,447,000,000","5,291,000,000","5,436,000,000","5,312,742,190","5,097,483,393","3,630,150,316","3,156,127,905"
NetInterestIncome,"66,603,000,000","16,896,000,000","16,530,111,842","16,588,301,303","16,588,212,766","16,449,374,089","16,792,163,119","15,795,133,137","14,794,340,941","14,615,362,803","14,408,000,000","14,331,000,000","13,612,000,000","13,434,000,000","12,950,000,000","12,499,000,000","11,856,000,000","11,733,000,000","11,431,000,000","10,839,000,000","10,494,000,000","9,952,000,000","9,799,000,000","9,550,000,000","9,291,000,000","9,022,000,000","9,384,000,000","9,141,000,000","8,899,000,000","8,669,000,000","8,812,000,000","8,613,000,000","8,394,000,000","8,113,611,627","7,810,885,551","6,647,052,705","6,604,816,641"
ReconciledDepreciation,"5,358,778,931","1,015,000,000","2,528,252,680","867,326,868","948,199,383","878,221,069","832,124,393","708,150,767","738,108,270","694,616,570","683,000,000","632,000,000","635,000,000","583,000,000","481,000,000","502,000,000","528,000,000","547,000,000","429,000,000","440,000,000","496,000,000","499,000,000","409,000,000","429,000,000","418,000,000","426,000,000","407,000,000","404,000,000",,"384,000,000","402,678,309","387,000,000",,"380,909,011","388,574,193","337,320,872","340,353,680"
NetIncomeFromContinuingOperationNetMinorityInterest,"20,504,000,000","5,414,000,000","3,964,976,486","5,516,531,477","5,609,487,896","5,290,004,141","4,359,497,998","5,095,330,309","5,171,480,765","4,726,690,928","5,483,000,000","4,066,000,000","4,609,000,000","4,520,000,000","4,542,000,000","5,733,000,000","3,708,000,000","3,539,000,000","4,224,000,000","3,464,000,000","3,238,000,000","3,215,000,000","3,824,000,000","3,244,000,000","3,687,000,000","3,259,000,000","4,191,000,000","5,831,000,000","4,267,000,000","4,717,000,000","3,261,000,000","4,172,000,000","5,267,000,000","5,013,282,010","3,393,672,014","3,453,245,750","3,007,631,070"
TotalUnusualItemsExcludingGoodwill,,,,,,,,,,,"219,000,000","-65,000,000","39,000,000",,"-200,000,000","477,000,000","-94,000,000","-131,000,000","48,000,000","1,000,000","-77,000,000","-57,000,000","-9,000,000","-2,000,000","-55,000,000","136,000,000","-118,000,000","19,000,000",,"-82,000,000",,"-228,000,000",,,,,
TotalUnusualItems,,,,,,,,,,,"219,000,000","-65,000,000","39,000,000",,"-200,000,000","477,000,000","-94,000,000","-131,000,000","48,000,000","1,000,000","-77,000,000","-57,000,000","-9,000,000","-2,000,000","-55,000,000","136,000,000","-118,000,000","19,000,000",,"-82,000,000",,"-228,000,000",,,,,
TaxRateForCalcs,"0.255","0.26","0.253","0.257","0.249","0.253","0.192","0.225","0.244","0.212","0.248","0.217","0.217","0.221","0.242","0.232","0.24","0.237","0.222","0.213","0.231","0.235","0.19","0.194","0.204","0.18","0.3","0.232","0.163","0.108","0.127","0.149","0.223","0.174","0.3","0.226","0.298"
TaxEffectOfUnusualItems,"0","0","0","0","0","0","0","0","0","0","54,352,118.47","-14,077,071.291","8,466,900","0","0","110,664,000","-22,560,000","-31,047,000","0","213,000","-17,787,000","-13,395,000","0","-388,000","-11,220,000","24,480,000","0","4,409,060.977","0","-8,895,860.896","0","-33,874,285.714","0","0","0","0","0"