name,ttm,12/31/2019,12/31/2018,12/31/2017,12/31/2016,12/31/2015,12/31/2014,12/31/2013,12/31/2012,12/31/2011,12/31/2010,12/31/2009,12/31/2008,12/31/2007,12/31/2006,12/31/2005,12/31/2004,12/31/2003,12/31/2002,12/31/2001,12/31/2000,12/31/1999,12/31/1998,12/31/1997,12/31/1996,12/31/1995,12/31/1994,12/31/1993,12/31/1992,12/31/1991
TotalRevenue,"10,785,000,000","10,735,000,000","9,823,000,000","9,048,000,000","8,386,000,000","7,477,000,000","7,380,000,000","7,143,000,000","7,249,000,000","7,622,000,000","7,806,000,000","8,188,000,000","8,050,000,000","8,357,000,000","7,821,000,000","6,283,000,000","5,624,000,000","3,476,000,000","2,919,000,000","2,673,000,000","2,664,000,000","2,842,000,000","2,233,600,000","1,872,300,000","1,462,000,000","1,107,000,000","448,900,000","380,100,000","315,200,000","230,000,000"
	OperatingRevenue,"10,785,000,000","10,735,000,000","9,823,000,000","9,048,000,000","8,386,000,000","7,477,000,000","7,380,000,000","7,143,000,000","7,249,000,000","7,622,000,000","7,806,000,000","8,188,000,000","8,050,000,000","8,357,000,000","7,821,000,000","6,283,000,000","5,624,000,000","3,476,000,000","2,919,000,000","2,673,000,000","2,664,000,000","2,842,000,000","2,233,600,000","1,872,300,000","1,462,000,000","1,107,000,000","448,900,000","380,100,000","315,200,000","230,000,000"
CostOfRevenue,"3,192,000,000","3,116,000,000","2,813,000,000","2,593,000,000","2,424,000,000","2,173,000,000","2,210,000,000","2,174,000,000","2,349,000,000","2,659,000,000","2,599,000,000","2,576,000,000","2,469,000,000","2,342,000,000","2,207,000,000","1,386,000,000","1,292,000,000","961,000,000","870,000,000","919,000,000","742,000,000","900,000,000","658,900,000","463,700,000","339,600,000","277,000,000","153,100,000","133,900,000","111,900,000","78,400,000"
GrossProfit,"7,593,000,000","7,619,000,000","7,010,000,000","6,455,000,000","5,962,000,000","5,304,000,000","5,170,000,000","4,969,000,000","4,900,000,000","4,963,000,000","5,207,000,000","5,612,000,000","5,581,000,000","6,015,000,000","5,614,000,000","4,897,000,000","4,332,000,000","2,515,000,000","2,049,000,000","1,754,000,000","1,922,000,000","1,942,000,000","1,574,700,000","1,408,600,000","1,122,400,000","830,000,000","295,800,000","246,200,000","203,300,000","151,600,000"
OperatingExpense,"6,045,000,000","5,879,000,000","5,351,000,000","4,924,000,000","4,643,000,000","4,314,000,000","4,268,000,000","4,085,000,000","3,969,000,000","3,245,000,000","3,969,000,000","6,410,000,000","4,091,000,000","5,768,000,000","4,444,000,000","3,653,000,000","2,693,000,000","1,781,000,000","1,354,000,000","1,372,000,000","1,247,000,000","1,217,000,000","1,797,100,000","993,800,000","780,600,000","545,000,000","165,800,000","137,600,000","110,500,000","81,100,000"
	SellingGeneralAndAdministration,"4,050,000,000","3,941,000,000","3,569,000,000","3,294,000,000","3,099,000,000","2,873,000,000","2,902,000,000","2,674,000,000","2,535,000,000","2,659,000,000","2,765,000,000","4,848,000,000","2,792,000,000","2,909,000,000","2,675,000,000","1,814,000,000","1,742,000,000","1,171,000,000","1,002,000,000","961,000,000","867,000,000","842,000,000","786,300,000","710,400,000","719,200,000","505,000,000","127,200,000","131,200,000","105,900,000","77,700,000"
	ResearchAndDevelopment,"1,194,000,000","1,174,000,000","1,113,000,000","997,000,000","920,000,000","876,000,000","817,000,000","861,000,000","886,000,000","895,000,000","939,000,000","1,035,000,000","1,006,000,000","1,091,000,000","1,008,000,000","680,000,000","569,000,000","452,000,000","343,000,000","275,000,000","199,000,000","197,000,000","882,200,000","196,700,000",,,"29,500,000",,,
	DepreciationAmortizationDepletionIncomeStatement,"740,000,000","699,000,000","599,000,000","565,000,000","545,000,000","495,000,000","438,000,000","410,000,000","395,000,000","421,000,000","513,000,000","511,000,000","543,000,000","641,000,000","530,000,000","152,000,000","112,000,000","89,000,000","72,000,000","136,000,000","181,000,000","178,000,000","128,600,000","86,700,000","61,400,000","40,000,000","9,100,000","6,400,000","4,600,000","3,400,000"
		DepreciationAndAmortizationInIncomeStatement,"740,000,000","699,000,000","599,000,000","565,000,000","545,000,000","495,000,000","438,000,000","410,000,000","395,000,000","421,000,000","513,000,000","511,000,000","543,000,000","641,000,000","530,000,000","152,000,000","112,000,000","89,000,000","72,000,000","136,000,000","181,000,000","178,000,000","128,600,000","86,700,000","61,400,000","40,000,000","9,100,000","6,400,000","4,600,000","3,400,000"
			Amortization,"740,000,000","699,000,000","599,000,000","565,000,000","545,000,000","495,000,000","438,000,000","410,000,000","395,000,000","421,000,000","513,000,000","511,000,000","543,000,000","641,000,000","530,000,000","152,000,000","112,000,000","89,000,000","72,000,000","136,000,000",,,,,,,,,,
				AmortizationOfIntangiblesIncomeStatement,"740,000,000","699,000,000","599,000,000","565,000,000","545,000,000","495,000,000","438,000,000","410,000,000","395,000,000","421,000,000","513,000,000","511,000,000","543,000,000","641,000,000","530,000,000","152,000,000","112,000,000","89,000,000","72,000,000","136,000,000",,,,,,,,,,
	OtherOperatingExpenses,"61,000,000","65,000,000","70,000,000","68,000,000","79,000,000","70,000,000","111,000,000","140,000,000","153,000,000","-730,000,000","-248,000,000","16,000,000","-250,000,000","1,127,000,000","231,000,000","1,007,000,000","270,000,000","69,000,000","-63,000,000",,,,,,,,,,,
OperatingIncome,"1,548,000,000","1,740,000,000","1,659,000,000","1,531,000,000","1,319,000,000","990,000,000","902,000,000","884,000,000","931,000,000","1,718,000,000","1,238,000,000","-798,000,000","1,490,000,000","247,000,000","1,170,000,000","1,244,000,000","1,639,000,000","734,000,000","695,000,000","382,000,000","675,000,000","725,000,000","-222,400,000","414,800,000","341,800,000","285,000,000","130,000,000","108,600,000","92,800,000","70,500,000"
NetNonOperatingInterestIncomeExpense,"-428,000,000","-443,000,000","-238,000,000","-224,000,000","-228,000,000","-279,000,000","-211,000,000","-318,000,000","-256,000,000","-281,000,000","-393,000,000","-407,000,000","-468,000,000",,,,,,,,,,,,,,,,,
	InterestIncomeNonOperating,"24,000,000","30,000,000","3,000,000","5,000,000","5,000,000","5,000,000","5,000,000","6,000,000","5,000,000",,,,,,,,,,,,,,,,,,,,,
	InterestExpenseNonOperating,"452,000,000","473,000,000","241,000,000","229,000,000","233,000,000","284,000,000","216,000,000","324,000,000","261,000,000","281,000,000","393,000,000","407,000,000","468,000,000",,,,,,,,,,,,,,,,,
OtherIncomeExpense,"-870,000,000","-612,000,000","-1,000,000","-375,000,000","-914,000,000","-1,361,000,000","-1,200,000,000","-789,000,000","-4,782,000,000","-795,000,000","-1,908,000,000","-103,000,000","-3,053,000,000","-1,373,000,000","-4,568,000,000","-1,270,000,000","-351,000,000","-114,000,000","-40,000,000","-279,000,000","-78,000,000","-49,000,000","14,700,000","-141,900,000","-33,600,000","-191,000,000","1,000,000","3,000,000","1,600,000","200,000"
	GainOnSaleOfSecurity,"-438,000,000","-388,000,000","166,000,000","-107,000,000","-34,000,000","-30,000,000","9,000,000","-20,000,000","19,000,000",,,,,,,,,,,,,,,,,,,,,
	SpecialIncomeCharges,"-426,000,000","-223,000,000","-153,000,000","-246,000,000","-872,000,000","-1,317,000,000","-1,203,000,000","-764,000,000","-4,799,000,000","-795,000,000","-1,908,000,000","-103,000,000","-3,053,000,000","-1,373,000,000","-4,568,000,000","-1,270,000,000","-351,000,000","-114,000,000","-40,000,000","-279,000,000","-78,000,000","-49,000,000","14,700,000","-141,900,000","-33,600,000","-191,000,000","1,000,000","3,000,000","1,600,000","200,000"
		RestructuringAndMergernAcquisition,"-73,000,000","3,000,000","15,000,000","-43,000,000","57,000,000","149,000,000","-16,000,000","105,000,000","130,000,000","89,000,000","116,000,000","63,000,000","-172,000,000","176,000,000",,,,,,,,,,,,,,,,
		ImpairmentOfCapitalAssets,"236,000,000","105,000,000","35,000,000","4,000,000","11,000,000","19,000,000","195,000,000","476,000,000","4,492,000,000","718,000,000","1,882,000,000","12,000,000","2,790,000,000",,,,,,,,,,,,,,,,,
		OtherSpecialCharges,,"115,000,000","103,000,000","285,000,000","804,000,000","1,149,000,000","1,036,000,000","221,000,000","192,000,000","-12,000,000","-90,000,000","28,000,000","435,000,000","1,197,000,000",,,,,,,,,,,,,,,,
		GainOnSaleOfBusiness,,,,,"0","0","12,000,000","38,000,000","15,000,000",,,,,,,,,,,,,,,,,,,,,
	OtherNonOperatingIncomeExpenses,"-6,000,000","-1,000,000","-14,000,000","-22,000,000","-8,000,000","-14,000,000","-6,000,000","-5,000,000","-2,000,000",,,,,,,,,,,,,,,,,,,,,
PretaxIncome,"252,000,000","687,000,000","1,422,000,000","933,000,000","177,000,000","-650,000,000","-509,000,000","-223,000,000","-4,107,000,000","642,000,000","-1,063,000,000","-1,308,000,000","-2,031,000,000","-569,000,000","-3,535,000,000","891,000,000","1,494,000,000","643,000,000","549,000,000","44,000,000","527,000,000","562,000,000","-275,300,000","258,700,000","297,000,000","85,000,000","128,900,000","109,500,000","91,500,000","67,800,000"
TaxProvision,"-4,034,000,000","-4,013,000,000","-249,000,000","828,000,000","-170,000,000","-411,000,000","-390,000,000","-102,000,000","-39,000,000","201,000,000","2,000,000","-283,000,000","5,000,000","-74,000,000","42,000,000","263,000,000","432,000,000","171,000,000","176,000,000","98,000,000","154,000,000","191,000,000","-10,900,000","98,300,000","129,900,000","77,000,000","49,200,000","39,800,000","34,900,000","26,300,000"
NetIncomeCommonStockholders,"4,287,000,000","4,700,000,000","1,671,000,000","104,000,000","347,000,000","-239,000,000","-119,000,000","-121,000,000","-4,068,000,000","441,000,000","-1,065,000,000","-1,025,000,000","-2,036,000,000","-495,000,000","-3,577,000,000","628,000,000","1,062,000,000","472,000,000","373,000,000","-54,000,000","373,000,000","371,000,000","-264,400,000","139,300,000","167,100,000","8,000,000","79,700,000","69,700,000","56,600,000","41,800,000"
	NetIncome,"4,287,000,000","4,700,000,000","1,671,000,000","104,000,000","347,000,000","-239,000,000","-119,000,000","-121,000,000","-4,068,000,000","441,000,000","-1,065,000,000","-1,025,000,000","-2,036,000,000","-495,000,000","-3,577,000,000","628,000,000","1,062,000,000","472,000,000","373,000,000","-54,000,000","373,000,000","371,000,000","-264,400,000","139,300,000","167,100,000","8,000,000","79,700,000","69,700,000","56,600,000","41,800,000"
		NetIncomeIncludingNoncontrollingInterests,"4,286,000,000","4,700,000,000","1,671,000,000","105,000,000","347,000,000","-239,000,000","-119,000,000","-121,000,000","-4,068,000,000","441,000,000","-1,065,000,000","-1,025,000,000","-2,036,000,000","-495,000,000","-3,577,000,000","628,000,000","1,062,000,000","472,000,000","373,000,000","-54,000,000","373,000,000","371,000,000","-264,400,000","139,300,000","167,100,000","8,000,000","79,700,000","69,700,000","56,600,000","41,800,000"
			NetIncomeContinuousOperations,"4,286,000,000","4,700,000,000","1,671,000,000","105,000,000","347,000,000","-239,000,000","-119,000,000","-121,000,000","-4,068,000,000","441,000,000","-1,065,000,000","-1,025,000,000","-2,036,000,000","-495,000,000","-3,577,000,000","628,000,000","1,062,000,000","472,000,000","373,000,000","-54,000,000","373,000,000","371,000,000","-264,400,000","160,400,000","167,100,000","8,000,000","79,700,000","69,700,000","56,600,000","41,500,000"
			NetIncomeFromTaxLossCarryforward,,,,,,,,,,,,,,,,,,,,,,,,"-21,100,000",,,,,,"300,000"
DilutedNIAvailtoComStockholders,"4,287,000,000","4,700,000,000","1,671,000,000","104,000,000","347,000,000","-239,000,000","-119,000,000","-121,000,000","-4,068,000,000","441,000,000","-1,065,000,000","-1,025,000,000","-2,036,000,000","-495,000,000","-3,577,000,000","628,000,000","1,062,000,000","472,000,000","373,000,000","-54,000,000","373,000,000","371,000,000","-264,400,000","139,300,000","167,100,000","8,000,000","79,700,000","69,700,000","56,600,000","41,800,000"
BasicEPS,,"3.38","1.21","0.08","0.26","-0.18","0.2","-0.09","-2.89","0.29","-0.7","-0.68","-1.38","-0.33","-2.81","0.76","1.27","0.57","0.46","-0.065","0.46","0.46","-0.34","0.18","0.23","0.015","0.19","0.1","0.145","0.11"
DilutedEPS,,"3.33","1.19","0.08","0.25","-0.18","0.2","-0.09","-2.89","0.29","-0.7","-0.68","-1.38","-0.33","-2.81","0.75","1.24","0.56","0.45","-0.065","0.455","0.45","-0.34","0.175","0.23","0.015","0.19","0.1","0.145","0.11"
BasicAverageShares,,"1,391,500,000","1,381,000,000","1,370,100,000","1,357,600,000","1,341,200,000","1,324,300,000","1,341,200,000","1,406,700,000","1,509,300,000","1,517,800,000","1,507,900,000","1,498,500,000","1,486,900,000","1,272,953,737","826,315,789","836,220,472","828,070,175","810,869,565","830,769,231","810,869,565","806,521,739","777,647,059","773,888,889","725,172,000","348,346,000","419,473,684","395,200,000","390,344,828","380,000,000"
DilutedAverageShares,,"1,410,600,000","1,401,400,000","1,392,700,000","1,377,200,000","1,341,200,000","1,348,000,000","1,341,200,000","1,406,700,000","1,519,000,000","1,517,800,000","1,507,900,000","1,498,500,000","1,486,900,000","1,272,953,737","837,333,333","856,451,613","842,857,143","828,888,889","830,769,231","819,780,220","824,444,444","777,647,059","796,000,000","821,818,182","348,346,000","419,473,684","395,200,000","390,344,828","380,000,000"
TotalOperatingIncomeAsReported,"1,123,000,000","1,518,000,000","1,506,000,000","1,285,000,000","447,000,000","-327,000,000","-301,000,000","120,000,000","-3,868,000,000","904,000,000","-656,000,000","-894,000,000","-1,505,000,000","-14,000,000","-2,949,000,000","968,000,000","1,574,000,000","697,000,000","610,000,000","100,000,000","675,000,000","725,000,000","-222,400,000","414,800,000","341,800,000","285,000,000","130,000,000","108,600,000","92,800,000","70,500,000"
TotalExpenses,"9,237,000,000","8,995,000,000","8,164,000,000","7,517,000,000","7,067,000,000","6,487,000,000","6,478,000,000","6,259,000,000","6,318,000,000","5,904,000,000","6,568,000,000","8,986,000,000","6,560,000,000","8,110,000,000","6,651,000,000","5,039,000,000","3,985,000,000","2,742,000,000","2,224,000,000","2,291,000,000","1,989,000,000","2,117,000,000","2,456,000,000","1,457,500,000","1,120,200,000","822,000,000","318,900,000","271,500,000","222,400,000","159,500,000"
NetIncomeFromContinuingAndDiscontinuedOperation,"4,287,000,000","4,700,000,000","1,671,000,000","104,000,000","347,000,000","-239,000,000","-119,000,000","-121,000,000","-4,068,000,000","441,000,000","-1,065,000,000","-1,025,000,000","-2,036,000,000","-495,000,000","-3,577,000,000","628,000,000","1,062,000,000","472,000,000","373,000,000","-54,000,000","373,000,000","371,000,000","-264,400,000","160,400,000","167,100,000","8,000,000","79,700,000","69,700,000","56,600,000","41,500,000"
NormalizedIncome,"4,917,720,000","5,146,030,000","1,661,510,000","315,800,000","890,600,000","569,200,000","657,100,000","388,600,000","664,200,000","987,098,130.841","175,200,000","-944,285,168.196","-51,550,000","699,437,609.842","-836,200,000","1,523,129,068.462","1,311,506,024.096","555,682,737.17","400,176,684.882","113,400,000","428,206,831.12","403,346,975.089","-278,517,980.385","248,381,291.071","187,260,000","122,600,000","79,081,691.234","67,790,410.959","55,610,273.224","41,377,581.121"
InterestIncome,"24,000,000","30,000,000","3,000,000","5,000,000","5,000,000","5,000,000","5,000,000","6,000,000","5,000,000",,,,,,,,,,,,,,,,,,,,,
InterestExpense,"452,000,000","473,000,000","241,000,000","229,000,000","233,000,000","284,000,000","216,000,000","324,000,000","261,000,000","281,000,000","393,000,000","407,000,000","468,000,000",,,,,,,,,,,,,,,,,
NetInterestIncome,"-428,000,000","-443,000,000","-238,000,000","-224,000,000","-228,000,000","-279,000,000","-211,000,000","-318,000,000","-256,000,000","-281,000,000","-393,000,000","-407,000,000","-468,000,000",,,,,,,,,,,,,,,,,
EBIT,"704,000,000","1,160,000,000","1,663,000,000","1,162,000,000","410,000,000","-366,000,000","-293,000,000","101,000,000","-3,846,000,000","923,000,000","-670,000,000","-901,000,000","-1,563,000,000","247,000,000","1,170,000,000","1,244,000,000","1,639,000,000","734,000,000","695,000,000","382,000,000","675,000,000","725,000,000","-222,400,000","414,800,000","341,800,000","285,000,000","130,000,000","108,600,000","92,800,000","70,500,000"
EBITDA,"1,444,000,000"
ReconciledCostOfRevenue,"3,192,000,000","2,804,000,000","2,518,000,000","2,314,000,000","2,154,000,000","1,899,000,000","1,923,000,000","1,895,000,000","2,061,000,000","2,363,000,000","2,296,000,000","2,253,000,000","2,148,000,000","2,044,000,000","1,956,000,000","1,224,000,000","1,129,000,000","854,000,000","781,000,000","823,000,000","742,000,000","900,000,000","658,900,000","463,700,000","339,600,000","277,000,000","153,100,000","133,900,000","111,900,000","78,400,000"
ReconciledDepreciation,"740,000,000","1,011,000,000","894,000,000","844,000,000","815,000,000","769,000,000","725,000,000","689,000,000","683,000,000","717,000,000","816,000,000","834,000,000","864,000,000","939,000,000","781,000,000","314,000,000","275,000,000","196,000,000","161,000,000","232,000,000","181,000,000","178,000,000","128,600,000","86,700,000","61,400,000","40,000,000","9,100,000","6,400,000","4,600,000","3,400,000"
NetIncomeFromContinuingOperationNetMinorityInterest,"4,287,000,000","4,700,000,000","1,671,000,000","104,000,000","347,000,000","-239,000,000","-119,000,000","-121,000,000","-4,068,000,000","441,000,000","-1,065,000,000","-1,025,000,000","-2,036,000,000","-495,000,000","-3,577,000,000","628,000,000","1,062,000,000","472,000,000","373,000,000","-54,000,000","373,000,000","371,000,000","-264,400,000","160,400,000","167,100,000","8,000,000","79,700,000","69,700,000","56,600,000","41,500,000"
TotalUnusualItemsExcludingGoodwill,"-864,000,000","-611,000,000","13,000,000","-353,000,000","-906,000,000","-1,347,000,000","-1,194,000,000","-784,000,000","-4,780,000,000","-795,000,000","-1,908,000,000","-103,000,000","-3,053,000,000","-1,373,000,000","-4,568,000,000","-1,270,000,000","-351,000,000","-114,000,000","-40,000,000","-279,000,000","-78,000,000","-49,000,000","14,700,000","-141,900,000","-33,600,000","-191,000,000","1,000,000","3,000,000","1,600,000","200,000"
TotalUnusualItems,"-864,000,000","-611,000,000","13,000,000","-353,000,000","-906,000,000","-1,347,000,000","-1,194,000,000","-784,000,000","-4,780,000,000","-795,000,000","-1,908,000,000","-103,000,000","-3,053,000,000","-1,373,000,000","-4,568,000,000","-1,270,000,000","-351,000,000","-114,000,000","-40,000,000","-279,000,000","-78,000,000","-49,000,000","14,700,000","-141,900,000","-33,600,000","-191,000,000","1,000,000","3,000,000","1,600,000","200,000"
NormalizedEBITDA,"2,308,000,000","2,782,000,000","2,544,000,000","2,359,000,000","2,131,000,000","1,750,000,000","1,626,000,000","1,574,000,000","1,617,000,000","2,435,000,000","2,054,000,000","36,000,000","2,354,000,000","2,559,000,000","6,519,000,000","2,828,000,000","2,265,000,000","1,044,000,000","896,000,000","893,000,000","934,000,000","952,000,000","-108,500,000","643,400,000","436,800,000","516,000,000","138,100,000","112,000,000","95,800,000","73,700,000"
TaxRateForCalcs,"0.27","0.27","0.27","0.4","0.4","0.4","0.35","0.35","0.01","0.313","0.35","0.216","0.35","0.13","0.4","0.295","0.289","0.266","0.321","0.4","0.292","0.34","0.04","0.38","0.4","0.4","0.382","0.363","0.381","0.388"
TaxEffectOfUnusualItems,"-233,280,000","-164,970,000","3,510,000","-141,200,000","-362,400,000","-538,800,000","-417,900,000","-274,400,000","-47,800,000","-248,901,869.159","-667,800,000","-22,285,168.196","-1,068,550,000","-178,562,390.158","-1,827,200,000","-374,870,931.538","-101,493,975.904","-30,317,262.83","-12,823,315.118","-111,600,000","-22,793,168.88","-16,653,024.911","582,019.615","-53,918,708.929","-13,440,000","-76,400,000","381,691.234","1,090,410.959","610,273.224","77,581.121"