name,ttm,03/31/2020,12/31/2019,09/30/2019,06/30/2019,03/31/2019,12/31/2018,09/30/2018,06/30/2018,03/31/2018,12/31/2017,09/30/2017,06/30/2017,03/31/2017,12/31/2016,09/30/2016,06/30/2016,03/31/2016,12/31/2015,09/30/2015,06/30/2015,03/31/2015,12/31/2014,09/30/2014,06/30/2014,03/31/2014,12/31/2013,09/30/2013,06/30/2013,03/31/2013,12/31/2012,09/30/2012,06/30/2012,03/31/2012,12/31/2011,09/30/2011,06/30/2011,03/31/2011,12/31/2010,09/30/2010,06/30/2010,03/31/2010,12/31/2009,09/30/2009,06/30/2009,03/31/2009
TotalRevenue,"2,815,000,000","921,500,000","598,600,000","675,400,000","620,600,000","602,600,000","747,700,000","575,900,000","667,500,000","777,700,000","620,700,000","611,400,000","640,800,000","356,200,000","175,080,000","156,207,000","163,329,000","162,330,000","155,946,000","187,035,000","148,725,000","142,839,000","166,488,000","148,910,000","143,942,000","157,885,000","141,830,000","136,743,000","150,772,000","142,705,000","130,077,000","128,319,000","132,549,000","121,392,000","120,209,000","143,604,000","120,290,000","124,042,000","117,391,000","106,015,000","112,618,000","101,081,000","120,833,000","98,199,000","108,985,000","98,067,000"
	OperatingRevenue,"2,780,400,000","912,200,000","590,500,000","665,900,000","612,900,000","595,100,000","740,600,000","568,200,000","658,800,000","768,200,000","613,600,000","603,700,000","634,800,000","350,400,000","170,021,000","153,796,000","159,863,000","159,713,000","151,285,000","184,200,000","141,027,000","138,531,000","162,920,000","145,178,000","140,042,000","154,529,000","138,514,000","132,791,000","146,603,000","139,124,000","115,678,000","128,319,000","132,549,000","121,392,000","120,209,000","143,604,000","120,290,000","124,042,000","117,391,000","106,015,000","112,618,000","101,081,000","120,833,000","98,199,000","108,985,000","98,067,000"
CostOfRevenue,"1,600,300,000","563,200,000","318,300,000","381,400,000","337,400,000","322,100,000","413,300,000","305,400,000","384,000,000","449,200,000","355,100,000","341,700,000","373,900,000","162,800,000","20,104,000","19,399,000","19,336,000","19,114,000","17,830,000","21,840,000","16,755,000","14,150,000","19,266,000","16,235,000","14,707,000","15,902,000","15,045,000","13,844,000","14,518,000","13,169,000","46,135,000","0","0","0","0","0","0","0","0","0","0","0","0","0","0","0"
GrossProfit,"1,214,700,000","358,300,000","280,300,000","294,000,000","283,200,000","280,500,000","334,400,000","270,500,000","283,500,000","328,500,000","265,600,000","269,700,000","266,900,000","193,400,000","154,976,000","136,808,000","143,993,000","143,216,000","138,116,000","165,195,000","131,970,000","128,689,000","147,222,000","132,675,000","129,235,000","141,983,000","126,785,000","122,899,000","136,254,000","129,536,000","83,942,000","128,319,000","132,549,000","121,392,000","120,209,000","143,604,000","120,290,000","124,042,000","117,391,000","106,015,000","112,618,000","101,081,000","120,833,000","98,199,000","108,985,000","98,067,000"
OperatingExpense,"550,600,000","131,100,000","152,400,000","129,900,000","137,200,000","131,700,000","151,200,000","138,500,000","145,800,000","152,000,000","149,000,000","144,500,000","143,900,000","101,900,000","79,874,000","71,158,000","66,026,000","63,735,000","62,222,000","64,085,000","58,600,000","59,136,000","60,260,000","57,591,000","59,519,000","59,945,000","54,186,000","54,472,000","60,896,000","60,106,000","24,191,000","67,458,000","66,480,000","63,977,000","67,528,000","68,638,000","63,838,000","66,507,000","65,537,000","71,082,000","70,792,000","62,352,000","64,152,000","65,197,000","61,403,000","57,747,000"
	SellingGeneralAndAdministration,"282,600,000","70,300,000","68,000,000","69,900,000","74,400,000","66,900,000","80,300,000","71,000,000","78,200,000","80,600,000","75,500,000","72,500,000","71,100,000","65,500,000","61,655,000","52,871,000","45,684,000","43,356,000","42,511,000","44,190,000","39,883,000","40,677,000","32,083,000","30,583,000","32,752,000","35,361,000","31,312,000","29,845,000","33,831,000","32,901,000","-55,519,000","57,854,000","57,198,000","54,669,000","58,745,000","58,141,000","53,255,000","56,825,000","56,280,000","63,202,000","61,218,000","54,306,000","55,876,000","57,272,000","53,501,000","48,703,000"
		GeneralAndAdministrativeExpense,"282,600,000","70,300,000","68,000,000","69,900,000","74,400,000","66,900,000","80,300,000","71,000,000","78,200,000","80,600,000","75,500,000","72,500,000","71,100,000","65,500,000","61,312,000","52,335,000","45,767,000","43,252,000","42,212,000","43,609,000","39,256,000","39,890,000","32,083,000","30,583,000","32,752,000","35,361,000","31,312,000","29,845,000","33,831,000","32,901,000","-55,519,000","57,854,000","57,198,000","54,669,000","58,745,000","58,141,000","53,255,000","56,825,000","56,280,000","63,202,000","61,218,000","54,306,000","55,876,000","57,272,000","53,501,000","48,703,000"
			SalariesAndWages,"204,200,000","53,300,000","49,000,000","49,700,000","52,200,000","48,100,000","60,700,000","51,800,000","57,400,000","58,900,000","53,200,000","50,400,000","50,000,000","47,800,000","29,172,000","28,344,000","28,530,000","27,106,000","26,767,000","29,583,000","24,136,000","25,439,000","29,356,000","28,698,000","30,306,000","33,374,000","28,058,000","27,951,000","31,237,000","30,837,000","26,440,000","27,166,000","25,300,000","25,290,000","28,268,000","25,945,000","24,504,000","25,736,000","25,823,000","34,643,000","22,640,000","23,137,000","21,222,000","22,046,000","20,939,000","20,274,000"
			OtherGandA,"78,400,000","17,000,000","19,000,000","20,200,000","22,200,000","18,800,000","19,600,000","19,200,000","20,800,000","21,700,000","22,300,000","22,100,000","21,100,000","17,700,000","32,140,000","23,991,000","17,237,000","16,146,000","15,445,000","14,026,000","15,120,000","14,451,000","2,727,000","1,885,000","2,446,000","1,987,000","3,254,000","1,894,000","2,594,000","2,064,000","-81,959,000","30,688,000","31,898,000","29,379,000","30,477,000","32,196,000","28,751,000","31,089,000","30,457,000","28,559,000","38,578,000","31,169,000","34,654,000","35,226,000","32,562,000","28,429,000"
		SellingAndMarketingExpense,,,,,,,,,,,,,,,"343,000","536,000","83,000","104,000","299,000","581,000","627,000","787,000",,,,,,,,,,,,,,,,,,,,,,,,
	DepreciationAmortizationDepletionIncomeStatement,"169,900,000","40,500,000","42,800,000","42,900,000","43,700,000","47,200,000","49,100,000","50,300,000","50,400,000","54,200,000","55,900,000","55,400,000","55,800,000","25,100,000","10,066,000","10,200,000","12,260,000","11,851,000","12,203,000","12,394,000","11,275,000","10,402,000","11,053,000","10,361,000","9,895,000","8,604,000","9,108,000","8,476,000","8,622,000","8,282,000","6,211,000","8,634,000","8,320,000","8,320,000","7,506,000","8,897,000","8,996,000","8,696,000","8,190,000","7,099,000","7,301,000","7,301,000","6,859,000","6,884,000","6,885,000","6,884,000"
		DepreciationAndAmortizationInIncomeStatement,"169,900,000","40,500,000","42,800,000","42,900,000","43,700,000","47,200,000","49,100,000","50,300,000","50,400,000","54,200,000","55,900,000","55,400,000","55,800,000","25,100,000","10,066,000","10,200,000","12,260,000","11,851,000","12,203,000","12,394,000","11,275,000","10,402,000","11,053,000","10,361,000","9,895,000","8,604,000","9,108,000","8,476,000","8,622,000","8,282,000","6,211,000","8,634,000","8,320,000","8,320,000","7,506,000","8,897,000","8,996,000","8,696,000","8,190,000","7,099,000","7,301,000","7,301,000","6,859,000","6,884,000","6,885,000","6,884,000"
	OtherOperatingExpenses,"98,100,000","20,300,000","41,600,000","17,100,000","19,100,000","17,600,000","21,800,000","17,200,000","17,200,000","17,200,000","17,600,000","16,600,000","17,000,000","11,300,000","8,153,000","8,087,000","8,082,000","8,528,000","7,508,000","7,501,000","7,442,000","8,057,000","17,124,000","16,647,000","16,872,000","15,980,000","13,766,000","16,151,000","18,443,000","18,923,000","73,499,000","970,000","962,000","988,000","1,277,000","1,600,000","1,587,000","986,000","1,067,000","781,000","2,273,000","745,000","1,417,000","1,041,000","1,017,000","2,160,000"
OperatingIncome,"664,100,000","227,200,000","127,900,000","164,100,000","146,000,000","148,800,000","183,200,000","132,000,000","137,700,000","176,500,000","116,600,000","125,200,000","123,000,000","91,500,000","75,102,000","65,650,000","77,967,000","79,481,000","75,894,000","101,110,000","73,370,000","69,553,000","86,962,000","75,084,000","69,716,000","82,038,000","72,599,000","68,427,000","75,358,000","69,430,000","59,751,000","60,861,000","66,069,000","57,415,000","52,681,000","74,966,000","56,452,000","57,535,000","51,854,000","34,933,000","41,826,000","38,729,000","56,681,000","33,002,000","47,582,000","40,320,000"
NetNonOperatingInterestIncomeExpense,"-33,300,000","-7,300,000","-7,800,000","-8,200,000","-10,000,000","-9,900,000","-9,700,000","-9,600,000","-9,300,000","-9,600,000","-10,400,000","-10,500,000","-12,500,000","-7,900,000","-5,515,000","-177,000","-28,000","-27,000","-27,000","-16,000",,,,,,,,,,,"-89,000","41,000","0","0","-206,000","-226,000","-223,000","-225,000","-225,000","-225,000","-224,000","-222,000","-220,000","-220,000","-218,000","-217,000"
	InterestIncomeNonOperating,"2,100,000","700,000","300,000","600,000","500,000","500,000","-100,000","1,100,000","900,000","400,000","100,000","500,000","0",,,,,,,,,,,,,,,,,,,"41,000","26,000","23,000",,,,,,,,,,,,
	InterestExpenseNonOperating,"33,800,000","7,600,000","7,700,000","8,500,000","10,000,000","10,000,000","8,300,000","10,500,000","9,700,000","9,600,000","10,000,000","10,800,000","11,100,000","7,900,000","5,515,000","177,000","28,000","27,000","27,000","16,000",,,,,,,,,,,"0","0","0","0","206,000","226,000","223,000","225,000","225,000","225,000","224,000","222,000","220,000","220,000","218,000","217,000"
	TotalOtherFinanceCost,"1,600,000","400,000","400,000","300,000","500,000","400,000","1,300,000","200,000","500,000","400,000","500,000","200,000","1,400,000","7,900,000","5,515,000","177,000","28,000","27,000","27,000","16,000",,,,,,,,,,,,,,,,,,,,,,,,,,
OtherIncomeExpense,"-39,700,000","-2,400,000","-5,900,000","-15,000,000","-16,400,000","-11,100,000","2,200,000","-6,100,000","-8,600,000","-7,500,000","-2,100,000","-8,800,000","-4,400,000","-65,300,000","5,400,000","1,863,000","5,875,000","1,013,000","3,797,000","357,000","261,000","-276,000","-3,016,000","-271,000","-321,000","-495,000","-446,000","-517,000","-473,000","-721,000","-264,000","-368,000","-411,000","-453,000","-138,000","-175,000","61,000","-418,000","-1,673,000","-10,000","-34,000","-105,000","111,000","-6,000","129,000","286,000"
	GainOnSaleOfSecurity,,,,,,,,,,,,,,,"5,400,000","1,863,000","5,875,000","1,013,000","3,797,000","357,000","261,000","-30,000","-3,016,000","-271,000","-321,000","-495,000","-446,000","-517,000","-473,000","-721,000","-353,000",,"26,000","23,000","23,000","15,000","61,000","42,000","82,000","158,000","135,000","100,000","524,000","191,000","380,000","512,000"
	EarningsFromEquityInterest,,,,,,,,,,,,,,,,,,,,,,,,,,,,,,,,"-368,000","-437,000","-476,000","-161,000","-190,000","0","-460,000","-1,755,000","-168,000","-169,000","-205,000","-413,000","-197,000","-251,000","-226,000"
	SpecialIncomeCharges,"-47,000,000","-800,000","-8,700,000","-16,700,000","-20,800,000","-2,300,000","-6,700,000","-5,900,000","-8,600,000","-8,800,000","-7,900,000","-5,900,000","-5,200,000","-65,400,000",,,,,,,"0","-246,000",,,,,,,,,,"41,000",,,,,,,,,,,,,,
		RestructuringAndMergernAcquisition,"47,000,000","800,000","8,700,000","16,700,000","20,800,000","2,300,000","6,700,000","5,900,000","8,600,000","8,800,000","7,900,000","5,900,000","5,200,000","65,400,000",,,,,,,,,,,,,,,,,,,,,,,,,,,,,,,,
		WriteOff,,,,,,,,,,,,,,,,,,,,,"0","246,000",,,,,,,,,,,,,,,,,,,,,,,,
	OtherNonOperatingIncomeExpenses,"7,300,000","-1,600,000","2,800,000","1,700,000","4,400,000","-8,800,000","8,900,000","-200,000",,"1,300,000","5,800,000","-2,900,000","800,000","100,000",,,,,,,,,,,,,,,,,,,,,,,,,,,,,,,,
PretaxIncome,"591,100,000","217,500,000","114,200,000","140,900,000","119,600,000","127,800,000","175,700,000","116,300,000","119,800,000","159,400,000","104,100,000","105,900,000","106,100,000","18,300,000","74,987,000","67,336,000","83,814,000","80,467,000","79,664,000","101,451,000","73,631,000","69,277,000","83,946,000","74,813,000","69,395,000","81,543,000","72,153,000","67,910,000","74,885,000","68,709,000","59,398,000","60,534,000","65,658,000","56,962,000","52,337,000","74,565,000","56,290,000","56,892,000","49,956,000","34,698,000","41,568,000","38,402,000","56,572,000","32,776,000","47,493,000","40,389,000"
TaxProvision,"158,100,000","60,100,000","27,900,000","35,000,000","35,100,000","32,600,000","37,300,000","30,600,000","36,800,000","41,300,000","-153,000,000","45,600,000","38,100,000","3,100,000","29,825,000","26,885,000","32,883,000","31,291,000","29,262,000","33,935,000","28,786,000","27,018,000","34,604,000","26,447,000","26,414,000","32,519,000","26,043,000","26,554,000","28,724,000","26,336,000","19,674,000","14,776,000","27,162,000","23,545,000","20,530,000","33,238,000","22,889,000","24,021,000","18,579,000","14,244,000","16,678,000","15,726,000","21,668,000","13,616,000","19,384,000","16,111,000"
NetIncomeCommonStockholders,"435,100,000","157,000,000","86,100,000","105,500,000","87,600,000","94,600,000","137,400,000","85,000,000","82,400,000","117,300,000","254,600,000","59,700,000","67,300,000","15,100,000","44,971,000","40,280,000","50,719,000","49,198,000","50,180,000","67,219,000","44,646,000","42,079,000","49,119,000","48,146,000","42,598,000","48,528,000","45,643,000","40,955,000","45,477,000","41,789,000","39,273,000","45,243,000","37,903,000","32,863,000","31,277,000","40,597,000","32,609,000","32,089,000","30,147,000","20,454,000","24,890,000","22,676,000","34,904,000","19,160,000","28,109,000","24,278,000"
	NetIncome,"436,900,000","157,400,000","86,300,000","106,000,000","88,300,000","95,400,000","138,800,000","86,000,000","83,300,000","118,100,000","257,400,000","60,500,000","68,300,000","15,500,000","45,470,000","40,721,000","51,230,000","49,400,000","50,402,000","67,516,000","44,845,000","42,259,000","49,342,000","48,366,000","42,981,000","49,024,000","46,110,000","41,356,000","46,161,000","42,373,000","39,724,000","45,758,000","38,496,000","33,417,000","31,807,000","41,327,000","33,401,000","32,871,000","31,377,000","20,454,000","24,890,000","22,676,000","34,904,000","19,160,000","28,109,000","24,278,000"
		NetIncomeIncludingNoncontrollingInterests,"433,000,000","157,400,000","86,300,000","105,900,000","84,500,000","95,200,000","138,400,000","85,700,000","83,000,000","118,100,000","257,100,000","60,300,000","68,000,000","15,200,000","45,162,000","40,451,000","50,931,000","49,176,000","50,402,000","67,516,000","44,845,000","42,259,000","49,342,000","48,366,000","42,981,000","49,024,000","46,110,000","41,356,000","46,161,000","42,373,000","39,724,000","45,758,000","38,496,000","33,417,000","31,807,000","41,327,000","33,401,000","32,871,000","31,377,000","20,454,000","24,890,000","22,676,000","34,904,000","19,160,000","28,109,000","24,278,000"
			NetIncomeContinuousOperations,"433,000,000","157,400,000","86,300,000","105,900,000","84,500,000","95,200,000","138,400,000","85,700,000","83,000,000","118,100,000","257,100,000","60,300,000","68,000,000","15,200,000","45,162,000","40,451,000","50,931,000","49,176,000","50,402,000","67,516,000","44,845,000","42,259,000","49,342,000","48,366,000","42,981,000","49,024,000","46,110,000","41,356,000","46,161,000","42,373,000","39,724,000","45,758,000","38,496,000","33,417,000","31,807,000","41,327,000","33,401,000","32,871,000","31,377,000","20,454,000","24,890,000","22,676,000","34,904,000","19,160,000","28,109,000","24,278,000"
		MinorityInterests,,,"0","100,000","3,800,000","200,000","400,000","300,000","300,000","300,000","300,000","200,000","300,000","300,000","308,000","270,000","299,000","224,000",,,,,,,,,,,,,,,,,,,,,,,,,,,,
	OtherunderPreferredStockDividend,"1,800,000","400,000","200,000","500,000","700,000","800,000","1,400,000","1,000,000","900,000","800,000","2,800,000","800,000","1,000,000","400,000","499,000","441,000","511,000","202,000","222,000","297,000","199,000","180,000","223,000","220,000","383,000","496,000","467,000","401,000","684,000","584,000","451,000","515,000","593,000","554,000","530,000","730,000","792,000","782,000",,,,,,,,
DilutedNIAvailtoComStockholders,"435,100,000","157,000,000","86,100,000","105,500,000","87,600,000","94,600,000","137,400,000","85,000,000","82,400,000","117,300,000","254,600,000","59,700,000","67,300,000","15,100,000","44,971,000","40,280,000","50,719,000","49,198,000","50,180,000","67,219,000","44,646,000","42,079,000","49,119,000","48,146,000","42,598,000","48,528,000","45,643,000","40,955,000","45,477,000","41,789,000","39,273,000","45,243,000","37,903,000","32,863,000","31,277,000","40,597,000","32,609,000","32,089,000","30,147,000","20,454,000","24,890,000","22,676,000","34,904,000","19,160,000","28,109,000","24,278,000"
BasicEPS,,"1.42","0.78","0.95","0.79","0.85","1.23","0.76","0.74","1.04","2.27","0.53","0.6","0.16","0.55","0.5","0.62","0.6","0.61","0.81","0.54","0.5","0.58","0.57","0.5","0.56","0.52","0.47","0.52","0.48","0.45","0.52","0.44","0.37",,"0.45","0.36","0.36",,"0.2","0.27","0.221",,"0.21","0.31","0.268"
DilutedEPS,,"1.42","0.77","0.94","0.78","0.85","1.23","0.76","0.73","1.04","2.26","0.53","0.6","0.16","0.55","0.5","0.62","0.6","0.61","0.81","0.54","0.5","0.58","0.57","0.5","0.56","0.52","0.47","0.52","0.48","0.45","0.52","0.44","0.37",,"0.45","0.36","0.36",,"0.2","0.27","0.221",,"0.21","0.31","0.268"
BasicAverageShares,,"110,400,000","110,900,000","111,600,000","111,500,000","111,500,000","111,300,000","111,400,000","112,000,000","112,400,000","112,300,000","112,300,000","112,100,000","91,900,000","81,285,000","81,285,000","81,343,000","81,818,000","82,344,000","82,755,000","83,290,000","83,956,000","84,315,000","85,051,000","85,831,000","86,453,000","87,061,000","87,647,000","87,341,000","87,272,000","87,272,000","87,272,000","87,153,000","88,146,000",,"90,334,000","90,164,000","90,085,000",,"102,103,000","92,233,000","102,565,517",,"90,733,000","90,733,000","90,733,000"
DilutedAverageShares,,"110,600,000","111,200,000","111,900,000","111,600,000","111,700,000","111,600,000","111,800,000","112,300,000","112,700,000","112,600,000","112,600,000","112,500,000","92,000,000","81,285,000","81,285,000","81,343,000","81,818,000","82,344,000","82,755,000","83,290,000","83,956,000","84,315,000","85,051,000","85,831,000","86,453,000","87,061,000","87,647,000","87,341,000","87,272,000","87,272,000","87,272,000","87,153,000","88,146,000",,"90,334,000","90,164,000","90,085,000",,"102,103,000","92,598,000","102,565,517",,"90,733,000","90,733,000","90,733,000"
TotalOperatingIncomeAsReported,"617,100,000","226,400,000","119,200,000","147,400,000","125,200,000","146,500,000","176,500,000","126,100,000","129,100,000","167,700,000","108,700,000","119,300,000","117,800,000","26,100,000","75,102,000","65,650,000","77,967,000","79,481,000","75,894,000","101,110,000","73,370,000","69,553,000","86,962,000","75,084,000","69,716,000","82,038,000","72,599,000","68,427,000","75,358,000","69,430,000","59,751,000","60,861,000","66,069,000","57,415,000","52,681,000","74,966,000","56,452,000","57,535,000","51,854,000","34,933,000","41,826,000","38,729,000","56,681,000","33,002,000","47,582,000","40,320,000"
TotalExpenses,"2,150,900,000","694,300,000","470,700,000","511,300,000","474,600,000","453,800,000","564,500,000","443,900,000","529,800,000","601,200,000","504,100,000","486,200,000","517,800,000","264,700,000","99,978,000","90,557,000","85,362,000","82,849,000","80,052,000","85,925,000","75,355,000","73,286,000","79,526,000","73,826,000","74,226,000","75,847,000","69,231,000","68,316,000","75,414,000","73,275,000","70,326,000","67,458,000","66,480,000","63,977,000","67,528,000","68,638,000","63,838,000","66,507,000","65,537,000","71,082,000","70,792,000","62,352,000","64,152,000","65,197,000","61,403,000","57,747,000"
NetIncomeFromContinuingAndDiscontinuedOperation,"436,900,000","157,400,000","86,300,000","106,000,000","88,300,000","95,400,000","138,800,000","86,000,000","83,300,000","118,100,000","257,400,000","60,500,000","68,300,000","15,500,000","45,470,000","40,721,000","51,230,000","49,400,000","50,402,000","67,516,000","44,845,000","42,259,000","49,342,000","48,366,000","42,981,000","49,024,000","46,110,000","41,356,000","46,161,000","42,373,000","39,724,000","45,758,000","38,496,000","33,417,000","31,807,000","41,327,000","33,401,000","32,871,000","31,377,000","20,454,000","24,890,000","22,676,000","34,904,000","19,160,000","28,109,000","24,278,000"
NormalizedIncome,"471,329,030.621","157,979,200","92,874,518.389","118,558,400","103,005,600","97,113,500","144,077,632.328","90,348,300","89,251,200","124,620,800","262,140,000","64,040,000","71,633,200","69,847,400","42,217,772.281","39,601,337","47,658,000","48,781,057","47,999,705.438","67,278,238","44,686,051","42,427,360","51,302,400","48,541,066","43,179,699","49,321,495","46,395,020.165","41,670,853","46,452,368","42,817,857","39,724,000","45,758,000","38,479,100","33,402,050","31,793,022.107","41,317,250","33,361,350","32,843,700","31,325,496.397","20,351,300","24,809,000","22,611,000","34,580,700.559","19,035,850","27,862,000","23,970,234.618"
InterestIncome,"2,100,000","700,000","300,000","600,000","500,000","500,000","-100,000","1,100,000","900,000","400,000","100,000","500,000","0",,,,,,,,,,,,,,,,,,,"41,000","26,000","23,000",,,,,,,,,,,,
InterestExpense,"33,800,000","7,600,000","7,700,000","8,500,000","10,000,000","10,000,000","8,300,000","10,500,000","9,700,000","9,600,000","10,000,000","10,800,000","11,100,000","7,900,000","5,515,000","177,000","28,000","27,000","27,000","16,000",,,,,,,,,,,"0","0","0","0","206,000","226,000","223,000","225,000","225,000","225,000","224,000","222,000","220,000","220,000","218,000","217,000"
NetInterestIncome,"-33,300,000","-7,300,000","-7,800,000","-8,200,000","-10,000,000","-9,900,000","-9,700,000","-9,600,000","-9,300,000","-9,600,000","-10,400,000","-10,500,000","-12,500,000","-7,900,000","-5,515,000","-177,000","-28,000","-27,000","-27,000","-16,000",,,,,,,,,,,"-89,000","41,000","0","0","-206,000","-226,000","-223,000","-225,000","-225,000","-225,000","-224,000","-222,000","-220,000","-220,000","-218,000","-217,000"
EBIT,"624,900,000","225,100,000","121,900,000","149,400,000","129,600,000","137,800,000","184,000,000","126,800,000","129,500,000","169,000,000","114,100,000","116,700,000","117,200,000","26,200,000","80,502,000","67,513,000","83,842,000","80,494,000","79,691,000","101,467,000","73,370,000","69,553,000","86,962,000","75,084,000","69,716,000","82,038,000","70,441,000","68,427,000","75,358,000","69,430,000","59,398,000","60,534,000","65,658,000","56,962,000","52,543,000","74,791,000","56,513,000","57,117,000","50,181,000","34,923,000","41,792,000","38,624,000","56,792,000","32,996,000","47,711,000","40,606,000"
EBITDA,"794,800,000"
ReconciledCostOfRevenue,"1,600,300,000","563,200,000","318,300,000","381,400,000","337,400,000","322,100,000","413,300,000","305,400,000","384,000,000","449,200,000","355,100,000","341,700,000","373,900,000","162,800,000","20,083,000","19,382,000","19,317,000","19,093,000","17,808,000","21,817,000","16,730,000","14,139,000","19,239,000","16,224,000","14,676,000","15,884,000","15,017,000","13,816,000","14,489,000","13,140,000","46,113,000","0","0","0","0","0","0","0","0","0","0","0","0","0","0","0"
ReconciledDepreciation,"169,900,000","40,500,000","42,800,000","42,900,000","43,700,000","47,200,000","49,100,000","50,300,000","50,400,000","54,200,000","55,900,000","55,400,000","55,800,000","25,100,000","10,087,000","10,217,000","12,279,000","11,872,000","12,225,000","12,417,000","11,300,000","10,413,000","11,080,000","10,372,000","9,926,000","8,622,000","9,136,000","8,504,000","8,651,000","8,311,000","6,233,000","8,656,000","8,342,000","8,342,000","7,529,000","8,918,000","9,019,000","8,718,000","8,207,000","7,117,000","7,318,000","7,318,000","6,874,000","6,900,000","7,044,000","6,907,000"
NetIncomeFromContinuingOperationNetMinorityInterest,"436,900,000","157,400,000","86,300,000","106,000,000","88,300,000","95,400,000","138,800,000","86,000,000","83,300,000","118,100,000","257,400,000","60,500,000","68,300,000","15,500,000","45,470,000","40,721,000","51,230,000","49,400,000","50,402,000","67,516,000","44,845,000","42,259,000","49,342,000","48,366,000","42,981,000","49,024,000","46,110,000","41,356,000","46,161,000","42,373,000","39,724,000","45,758,000","38,496,000","33,417,000","31,807,000","41,327,000","33,401,000","32,871,000","31,377,000","20,454,000","24,890,000","22,676,000","34,904,000","19,160,000","28,109,000","24,278,000"
TotalUnusualItemsExcludingGoodwill,"-47,000,000","-800,000","-8,700,000","-16,700,000","-20,800,000","-2,300,000","-6,700,000","-5,900,000","-8,600,000","-8,800,000","-7,900,000","-5,900,000","-5,200,000","-65,400,000","5,400,000","1,863,000","5,875,000","1,013,000","3,797,000","357,000","261,000","-276,000","-3,016,000","-271,000","-321,000","-495,000","-446,000","-517,000","-473,000","-721,000","-353,000","41,000","26,000","23,000","23,000","15,000","61,000","42,000","82,000","158,000","135,000","100,000","524,000","191,000","380,000","512,000"
TotalUnusualItems,"-47,000,000","-800,000","-8,700,000","-16,700,000","-20,800,000","-2,300,000","-6,700,000","-5,900,000","-8,600,000","-8,800,000","-7,900,000","-5,900,000","-5,200,000","-65,400,000","5,400,000","1,863,000","5,875,000","1,013,000","3,797,000","357,000","261,000","-276,000","-3,016,000","-271,000","-321,000","-495,000","-446,000","-517,000","-473,000","-721,000","-353,000","41,000","26,000","23,000","23,000","15,000","61,000","42,000","82,000","158,000","135,000","100,000","524,000","191,000","380,000","512,000"
NormalizedEBITDA,"841,800,000","266,400,000","173,400,000","209,000,000","194,100,000","187,300,000","239,800,000","183,000,000","188,500,000","232,000,000","177,900,000","178,000,000","178,200,000","116,700,000","85,189,000","75,867,000","90,246,000","91,353,000","88,119,000","113,527,000","84,409,000","80,242,000","101,058,000","85,727,000","79,963,000","91,155,000","80,023,000","77,448,000","84,482,000","78,462,000","65,631,000","69,190,000","73,974,000","65,281,000","60,049,000","83,694,000","65,471,000","65,793,000","58,306,000","41,882,000","48,975,000","45,842,000","63,142,000","39,705,000","54,375,000","47,001,000"
TaxRateForCalcs,"0.267","0.276","0.244","0.248","0.293","0.255","0.212","0.263","0.308","0.259","0.4","0.4","0.359","0.169","0.398","0.399","0.392","0.389","0.367","0.334","0.391","0.39","0.35","0.354","0.381","0.399","0.361","0.391","0.384","0.383","0.331","0.244","0.35","0.35","0.392","0.35","0.35","0.35","0.372","0.35","0.4","0.35","0.383","0.35","0.35","0.399"
TaxEffectOfUnusualItems,"-12,570,969.379","-220,800","-2,125,481.611","-4,141,600","-6,094,400","-586,500","-1,422,367.672","-1,551,700","-2,648,800","-2,279,200","-3,160,000","-2,360,000","-1,866,800","-11,052,600","2,147,772.281","743,337","2,303,000","394,057","1,394,705.438","119,238","102,051","-107,640","-1,055,600","-95,934","-122,301","-197,505","-160,979.835","-202,147","-181,632","-276,143","0","0","9,100","8,050","9,022.107","5,250","21,350","14,700","30,496.397","55,300","54,000","35,000","200,700.559","66,850","133,000","204,234.618"