name,ttm,12/31/2019,12/31/2018,12/31/2017,12/31/2016,12/31/2015,12/31/2014,12/31/2013,12/31/2012,12/31/2011,12/31/2010,12/31/2009,12/31/2008,12/31/2007,12/31/2006,12/31/2005,12/31/2004,12/31/2003,12/31/2002,12/31/2001,12/31/2000,12/31/1999,12/31/1998,12/31/1997,12/31/1996,12/31/1995,12/31/1994,12/31/1993,12/31/1992,12/31/1991,12/31/1990,12/31/1989,12/31/1988,12/31/1987,12/31/1986
TotalRevenue,"2,377,534,000","2,336,319,000","2,138,022,000","1,943,032,000","1,816,083,000","1,702,091,000","1,580,932,000","1,460,116,000","1,326,424,000","1,149,835,000","935,954,000","852,632,000","1,038,614,000","1,615,013,000","1,483,895,000","1,329,192,000","1,197,480,000","1,119,484,000","1,293,067,000","1,430,440,000","1,279,550,000","1,093,303,000","1,216,070,000","915,893,000","741,459,000","548,418,000","429,072,000","368,600,000","434,500,000","392,300,000","231,400,000","142,800,000","67,100,000","23,900,000","16,600,000"
	OperatingRevenue,"2,377,534,000","2,336,319,000","2,138,022,000","1,943,032,000","1,816,083,000","1,702,091,000","1,580,932,000","1,460,116,000","1,326,424,000","1,149,835,000","935,954,000","852,632,000","1,038,614,000","1,615,013,000","1,483,895,000","1,329,192,000","1,197,480,000","1,119,484,000","1,293,067,000","1,430,440,000","1,279,550,000","1,093,303,000","1,216,070,000","915,893,000","741,459,000","548,418,000","429,072,000","368,600,000","434,500,000","392,300,000","231,400,000","142,800,000","67,100,000","23,900,000","16,600,000"
CostOfRevenue,"270,235,000","266,357,000","258,747,000","237,390,000","256,492,000","238,453,000","223,706,000","200,201,000","191,123,000","195,156,000","156,443,000","169,243,000","209,480,000","214,508,000","227,099,000","228,780,000","226,053,000","216,649,000","250,045,000","354,860,000","368,857,000","324,843,000","280,675,000","183,096,000","153,473,000","116,530,000","94,607,000","45,400,000","69,200,000","61,400,000","97,400,000","47,200,000","23,200,000","8,900,000","6,500,000"
GrossProfit,"2,107,299,000","2,069,962,000","1,879,275,000","1,705,642,000","1,559,591,000","1,463,638,000","1,357,226,000","1,259,915,000","1,135,301,000","954,679,000","779,511,000","683,389,000","829,134,000","1,400,505,000","1,256,796,000","1,100,412,000","971,427,000","902,835,000","1,043,022,000","1,075,580,000","910,693,000","768,460,000","935,395,000","732,797,000","587,986,000","431,888,000","334,465,000","323,200,000","365,300,000","330,900,000","134,000,000","95,600,000","43,900,000","15,000,000","10,100,000"
OperatingExpense,"1,596,305,000","1,569,545,000","1,471,977,000","1,372,281,000","1,273,735,000","1,173,697,000","1,140,330,000","1,052,909,000","923,516,000","833,942,000","782,525,000","775,604,000","991,086,000","1,089,598,000","1,032,101,000","936,846,000","847,713,000","845,963,000","733,971,000","915,778,000","847,278,000","781,210,000","830,207,000","498,790,000","496,727,000","314,028,000","275,711,000","325,500,000","299,600,000","344,800,000","81,500,000","54,900,000","24,000,000","10,500,000","7,800,000"
	SellingGeneralAndAdministration,"633,883,000","621,479,000","573,075,000","553,342,000","520,300,000","512,414,000","513,307,000","499,471,000","454,354,000","416,661,000","391,952,000","409,481,000","510,441,000","576,145,000","548,896,000","518,944,000","409,351,000","409,145,000","515,368,000","508,208,000","484,617,000","440,940,000","369,776,000","314,362,000","280,883,000","225,462,000","203,137,000","281,500,000","262,000,000","304,800,000","61,400,000","40,300,000","17,100,000","7,700,000","6,200,000"
		GeneralAndAdministrativeExpense,"143,296,000","139,806,000","133,406,000","134,181,000","125,106,000","109,982,000","113,619,000","121,314,000","112,076,000","92,863,000","86,394,000","122,648,000","152,032,000",,,,,,,,,,,,,,,,,,,,,,
			OtherGandA,"143,296,000","139,806,000","133,406,000","134,181,000","125,106,000","109,982,000","113,619,000","121,314,000","112,076,000","92,863,000","86,394,000","122,648,000","152,032,000",,,,,,,,,,,,,,,,,,,,,,
		SellingAndMarketingExpense,"490,587,000","481,673,000","439,669,000","419,161,000","395,194,000","402,432,000","399,688,000","378,157,000","342,278,000","323,798,000","305,558,000","286,833,000","358,409,000",,,,,,,,,,,,,,,,,,,,,,
	ResearchAndDevelopment,"949,396,000","935,938,000","884,816,000","804,223,000","735,340,000","637,567,000","603,006,000","534,022,000","454,085,000","400,745,000","376,413,000","354,703,000","457,913,000","494,032,000","460,064,000","370,140,000","351,254,000","340,121,000","326,414,000","297,329,000","263,947,000","219,181,000","179,394,000","140,375,000","115,301,000","88,566,000","72,574,000",,,,,,,,
	DepreciationAmortizationDepletionIncomeStatement,"13,026,000","12,128,000","14,086,000","14,716,000","18,095,000","23,716,000","24,017,000","19,416,000","15,077,000","16,536,000","14,160,000","11,420,000","22,732,000","19,421,000","23,141,000","47,762,000","87,108,000","103,697,000","119,279,000","110,241,000","91,893,000","61,788,000","17,443,000",,,,,"44,000,000","37,600,000","40,000,000","20,100,000","14,600,000","6,900,000","2,800,000","1,600,000"
		DepreciationAndAmortizationInIncomeStatement,"13,026,000","12,128,000","14,086,000","14,716,000","18,095,000","23,716,000","24,017,000","19,416,000","15,077,000","16,536,000","14,160,000","11,420,000","22,732,000","19,421,000","23,141,000","47,762,000","87,108,000","103,697,000","119,279,000","110,241,000","91,893,000","61,788,000","17,443,000",,,,,"44,000,000","37,600,000","40,000,000","20,100,000","14,600,000","6,900,000","2,800,000","1,600,000"
			Amortization,"13,026,000","12,128,000","14,086,000","14,716,000","18,095,000","23,716,000","24,017,000","19,416,000","15,077,000","16,536,000","14,160,000","11,420,000","22,732,000","19,421,000","23,141,000","47,762,000","87,108,000","103,697,000","119,279,000","110,241,000","91,893,000","61,788,000","17,443,000",,,,,,,,,,,,
				AmortizationOfIntangiblesIncomeStatement,"13,026,000","12,128,000","14,086,000","14,716,000","18,095,000","23,716,000","24,017,000","19,416,000","15,077,000","16,536,000","14,160,000","11,420,000","22,732,000","19,421,000","23,141,000","47,762,000","87,108,000","103,697,000","119,279,000","110,241,000","91,893,000","61,788,000","17,443,000",,,,,,,,,,,,
	OtherOperatingExpenses,,,,,,,,,,,,,"47,669,000",,,,,"-7,000,000","-227,090,000",,"6,821,000","59,301,000","263,594,000","44,053,000","100,543,000",,,,,,,,,,
OperatingIncome,"510,994,000","500,417,000","407,298,000","333,361,000","285,856,000","289,941,000","216,896,000","207,006,000","211,785,000","120,737,000","-3,014,000","-92,215,000","-161,952,000","310,907,000","224,695,000","163,566,000","123,714,000","56,872,000","309,051,000","159,802,000","63,415,000","-12,750,000","105,188,000","234,007,000","91,259,000","117,860,000","58,754,000","-2,300,000","65,700,000","-13,900,000","52,500,000","40,700,000","19,900,000","4,500,000","2,300,000"
NetNonOperatingInterestIncomeExpense,"-8,566,000","-9,320,000","-15,069,000","-21,785,000","-20,753,000","-25,644,000","-32,294,000","-35,875,000","-33,269,000","-41,722,000","-35,142,000","-26,272,000","8,786,000",,,,,,,,,,,,,,,,,,,,,,
	InterestIncomeNonOperating,,"9,509,000","8,070,000","3,879,000","2,917,000","2,667,000","1,827,000","1,706,000","1,473,000","1,303,000","1,201,000","2,600,000","20,400,000",,,,,,,,,,,,,,,,,,,,,,
	InterestExpenseNonOperating,"18,075,000","18,829,000","23,139,000","25,664,000","23,670,000","28,311,000","34,121,000","37,581,000","34,742,000","43,025,000","36,343,000","28,872,000","11,614,000",,,,,,,,,,,,,,,,,,,,,,
OtherIncomeExpense,"-21,526,000","-12,129,000","-15,839,000","3,470,000","-27,950,000","3,299,000","-3,600,000","-12,135,000","9,755,000","16,411,000","-24,612,000","-34,976,000","-1,448,559,000","17,420,000","-9,757,000","-29,637,000","-31,079,000","-75,435,000","78,808,000","82,346,000","-2,240,000","-57,931,000","-256,115,000","-18,429,000","-101,325,000","17,237,000","-9,891,000","2,300,000","3,500,000","5,200,000","4,600,000","2,400,000","-300,000","500,000","200,000"
	GainOnSaleOfSecurity,,"-2,798,000","-4,279,000","12,679,000","11,605,000","7,606,000","8,403,000","6,172,000","10,752,000","16,558,000","8,066,000","1,300,000",,,,,,,,,,,,,,,,,,,,,,,
	EarningsFromEquityInterest,,,,,,,,,,"-136,000","-133,000","-500,000",,"-3,027,000","-1,200,000",,,,,,,,,,,,,,,,,,,,
	SpecialIncomeCharges,"-8,243,000","-8,621,000","-11,089,000","-9,406,000","-40,032,000","-4,511,000","-12,208,000","-18,463,000","-1,216,000","-11,000","-32,545,000","-35,776,000","-1,448,559,000","20,447,000","-8,557,000","-29,637,000","-31,079,000","-75,435,000","78,808,000","82,346,000","-2,240,000","-57,931,000","-256,115,000","-18,429,000","-101,325,000","17,237,000","-9,891,000","2,300,000","3,500,000","5,200,000","4,600,000","2,400,000","-300,000","500,000","200,000"
		RestructuringAndMergernAcquisition,"8,243,000","8,621,000","11,089,000","9,406,000","40,955,000","4,511,000","10,252,000","17,999,000","113,000","360,000","10,152,000","31,376,000","46,447,000","-9,686,000","-797,000","35,334,000","13,542,000","66,836,000","134,296,000","-80,649,000",,,,,,,,,,,,,,,
		ImpairmentOfCapitalAssets,,,,,,,,,,,"0","0","1,364,269,000",,,,,,,,,,,,,,,,,,,,,,
		WriteOff,,,,,"0",,"1,956,000","464,000","1,103,000","0","1,500,000","5,200,000","600,000",,,,,,,,,,,,,,,,,,,,,,
		OtherSpecialCharges,,,,,,,,,,"-349,000","20,893,000","-800,000","37,243,000","-10,761,000","9,354,000","-5,697,000","17,537,000","8,599,000","-213,104,000","-1,697,000",,,,,,,,,,,,,,,
		GainOnSaleOfBusiness,,,,,,,,,,,"0",,,,,,,,,,,,,,,,,,,,,,,,
		GainOnSaleOfPPE,,,"0","0","923,000",,,,,,,,,,,,,,,,,,,,,,,,,,,,,,
	OtherNonOperatingIncomeExpenses,"-10,485,000","-710,000","-471,000","197,000","477,000","204,000","205,000","156,000","219,000",,,,,,,,,,,,,,,,,,,,,,,,,,
PretaxIncome,"480,902,000","478,968,000","376,390,000","315,046,000","237,153,000","267,596,000","181,002,000","158,996,000","188,271,000","95,426,000","-62,768,000","-153,505,000","-1,601,725,000","364,071,000","241,878,000","128,483,000","86,437,000","-30,565,000","157,966,000","242,148,000","67,996,000","-11,380,000","112,667,000","234,007,000","90,477,000","135,097,000","48,863,000",,"68,400,000","-11,500,000","56,300,000","42,400,000","19,000,000","4,800,000","2,300,000"
TaxProvision,"-511,510,000","-510,011,000","30,613,000","110,945,000","34,067,000","15,179,000","22,104,000","-5,247,000","-251,677,000","23,197,000","-189,306,000","-3,634,000","252,313,000","67,819,000","99,704,000","79,140,000","11,963,000","-12,999,000","86,017,000","100,861,000","18,019,000","2,695,000","80,685,000","77,889,000","61,439,000","37,827,000","12,215,000",,"13,000,000","10,200,000","18,300,000","14,600,000","5,900,000","1,600,000","800,000"
NetIncomeCommonStockholders,"992,412,000","988,979,000","345,777,000","204,101,000","203,086,000","252,417,000","158,898,000","164,243,000","439,948,000","72,229,000","126,538,000","-149,871,000","-1,854,038,000","296,252,000","142,592,000","49,343,000","74,474,000","-17,566,000","71,949,000","141,287,000","49,977,000","-14,075,000","31,982,000","169,466,000","29,038,000","97,270,000","36,648,000","-12,800,000","54,800,000","-23,000,000","38,000,000","27,800,000","13,100,000","3,200,000","1,500,000"
	NetIncome,"992,412,000","988,979,000","345,777,000","204,101,000","203,086,000","252,417,000","158,898,000","164,243,000","439,948,000","72,229,000","126,538,000","-149,871,000","-1,854,038,000","296,252,000","142,592,000","49,343,000","74,474,000","-17,566,000","71,949,000","141,287,000","49,977,000","-14,075,000","31,982,000","169,466,000","29,038,000","97,270,000","36,648,000","-12,800,000","55,400,000","-21,700,000","38,000,000","27,800,000","13,100,000","3,200,000","1,500,000"
		NetIncomeIncludingNoncontrollingInterests,"992,412,000","988,979,000","345,777,000","204,101,000","203,086,000","252,417,000","158,898,000","164,243,000","439,948,000","72,229,000","126,538,000","-149,871,000","-1,854,038,000","296,252,000","142,592,000","49,343,000","74,474,000","-17,566,000","71,949,000","141,287,000","49,977,000","-14,075,000","31,982,000","169,466,000","29,038,000","97,270,000","36,648,000","-12,800,000","55,400,000","-21,700,000","38,000,000","27,800,000","13,100,000","3,200,000","1,500,000"
			NetIncomeContinuousOperations,"992,412,000","988,979,000","345,777,000","204,101,000","203,086,000","252,417,000","158,898,000","164,243,000","439,948,000","72,229,000","126,538,000","-149,871,000","-1,854,038,000","296,252,000","142,174,000","49,343,000","74,474,000","-17,566,000","71,949,000","141,287,000","49,977,000","-14,075,000","31,982,000","181,742,000","29,038,000","97,270,000","36,648,000","-600,000","55,400,000","-21,700,000","38,000,000","27,800,000","13,100,000","3,200,000","1,500,000"
			NetIncomeDiscontinuousOperations,,,,,,,,,,,,,,,,,,,,,,,,,,,,"-12,200,000",,,,,,,
			NetIncomeExtraordinary,,,,,,,,,,,,,"0",,"418,000",,,,,,,,,,,,,,,,,,,,
			NetIncomeFromTaxLossCarryforward,,,,,,,,,,,,,,,,,,,,,,,,"-12,276,000",,,,,,,,,,,
	PreferredStockDividends,,,,,,,,,,,,,,,,,,,,,,,,,,,,,"600,000","1,300,000",,,,,
DilutedNIAvailtoComStockholders,"992,412,000","988,979,000","345,777,000","204,101,000","203,086,000","252,417,000","158,898,000","164,243,000","439,948,000","72,229,000","126,538,000","-149,871,000","-1,854,038,000","296,252,000","142,592,000","49,343,000","74,474,000","-17,566,000","71,949,000","141,287,000","49,977,000","-14,075,000","31,982,000","169,466,000","29,038,000","97,270,000","36,648,000","-12,800,000","54,800,000","-23,000,000","38,000,000","27,800,000","13,100,000","3,200,000","1,500,000"
BasicEPS,,"3.62","1.26","0.75","0.71","0.88","0.56","0.59","1.63","0.27","0.55","-0.58","-7.29","1.09","0.51","0.18","0.27","-0.07","0.28","0.57","0.2","-0.06","0.15","0.87","0.32","1.57","0.187","-0.07","0.27","-0.13","0.27","0.21","0.13","0.07","0.04"
DilutedEPS,,"3.53","1.23","0.73","0.7","0.81","0.52","0.56","1.57","0.27","0.54","-0.58","-7.29","1.01","0.456","0.16","0.25","-0.07","0.27","0.57","0.19","-0.06","0.14","0.77","0.32","1.57","0.185","-0.07","0.27","-0.13","0.27","0.21","0.13","0.07","0.04"
BasicAverageShares,,"273,239,000","273,729,000","272,097,000","284,502,000","288,018,000","283,349,000","277,796,000","270,479,000","263,892,000","260,787,000","257,782,000","254,323,000","271,455,000","279,354,000","278,520,000","271,328,000","266,794,000","259,870,000","245,839,000","244,565,000","242,037,000","211,975,000","194,900,000","91,590,000","61,965,000","196,328,571","182,857,143","202,962,963","176,923,077","140,740,741","132,380,952","100,769,231","45,714,286","26,686,000"
DilutedAverageShares,,"280,515,000","281,144,000","280,221,000","291,256,000","312,302,000","306,775,000","294,564,000","280,667,000","270,816,000","265,871,000","257,782,000","254,323,000","295,591,000","312,457,000","314,383,000","305,774,000","266,794,000","267,500,000","257,660,000","262,696,000","242,037,000","233,647,000","219,552,000","91,590,000","61,965,000","197,608,500","182,857,143","202,962,963","176,923,077","140,740,741","132,380,952","100,769,231","45,714,286","26,686,000"
TotalOperatingIncomeAsReported,"502,751,000","491,796,000","396,209,000","323,955,000","244,901,000","285,430,000","206,644,000","189,007,000","211,672,000","120,377,000","-28,966,000","-123,591,000","-1,573,268,000","317,915,000","224,592,000","118,832,000","101,172,000","-9,964,000","174,755,000","240,451,000","63,415,000","-12,750,000","105,188,000","234,007,000","91,259,000","117,860,000","58,754,000","-2,300,000","65,700,000","-13,900,000","52,500,000","40,700,000","19,900,000","4,500,000","2,300,000"
TotalExpenses,"1,866,540,000","1,835,902,000","1,730,724,000","1,609,671,000","1,530,227,000","1,412,150,000","1,364,036,000","1,253,110,000","1,114,639,000","1,029,098,000","938,968,000","944,847,000","1,200,566,000","1,304,106,000","1,259,200,000","1,165,626,000","1,073,766,000","1,062,612,000","984,016,000","1,270,638,000","1,216,135,000","1,106,053,000","1,110,882,000","681,886,000","650,200,000","430,558,000","370,318,000","370,900,000","368,800,000","406,200,000","178,900,000","102,100,000","47,200,000","19,400,000","14,300,000"
NetIncomeFromContinuingAndDiscontinuedOperation,"992,412,000","988,979,000","345,777,000","204,101,000","203,086,000","252,417,000","158,898,000","164,243,000","439,948,000","72,229,000","126,538,000","-149,871,000","-1,854,038,000","296,252,000","142,174,000","49,343,000","74,474,000","-17,566,000","71,949,000","141,287,000","49,977,000","-14,075,000","31,982,000","181,742,000","29,038,000","97,270,000","36,648,000","-12,800,000","55,400,000","-21,700,000","38,000,000","27,800,000","13,100,000","3,200,000","1,500,000"
NormalizedIncome,"997,357,800","997,314,870","359,900,192","201,980,096","227,419,512","249,498,415","162,238,790","172,232,150","433,749,600","59,704,391.79","142,449,350","-116,211,167.447","-912,474,650","279,613,858.967","147,308,200","67,125,200","101,251,623.541","27,695,000","24,664,200","91,879,400","51,623,398.023","20,683,600","185,651,000","194,036,925.459","89,833,000","84,859,339.586","44,066,401.817","-1,980,000","52,565,204.678","-24,820,000","34,895,204.263","26,226,415.094","13,306,842.105","2,866,666.667","1,369,565.217"
InterestIncome,,"9,509,000","8,070,000","3,879,000","2,917,000","2,667,000","1,827,000","1,706,000","1,473,000","1,303,000","1,201,000","2,600,000","20,400,000",,,,,,,,,,,,,,,,,,,,,,
InterestExpense,"18,075,000","18,829,000","23,139,000","25,664,000","23,670,000","28,311,000","34,121,000","37,581,000","34,742,000","43,025,000","36,343,000","28,872,000","11,614,000",,,,,,,,,,,,,,,,,,,,,,
NetInterestIncome,"-8,566,000","-9,320,000","-15,069,000","-21,785,000","-20,753,000","-25,644,000","-32,294,000","-35,875,000","-33,269,000","-41,722,000","-35,142,000","-26,272,000","8,786,000",,,,,,,,,,,,,,,,,,,,,,
EBIT,"498,977,000","497,797,000","399,529,000","340,710,000","260,823,000","295,907,000","215,123,000","196,577,000","223,013,000","138,451,000","-26,425,000","-124,633,000","-1,590,111,000","310,907,000","224,695,000","163,566,000","123,714,000","56,872,000","309,051,000","159,802,000","63,415,000","-12,750,000","105,188,000","234,007,000","91,259,000","117,860,000","58,754,000","-2,300,000","65,700,000","-13,900,000","52,500,000","40,700,000","19,900,000","4,500,000","2,300,000"
EBITDA,"625,274,000"
ReconciledCostOfRevenue,"156,964,000","155,134,000","154,112,000","136,582,000","154,999,000","144,004,000","132,089,000","121,309,000","116,983,000","120,044,000","82,268,000","87,524,000","103,492,000","103,280,000","103,123,000","91,825,000","102,548,000","87,614,000","126,781,000","234,667,000","253,940,000","222,735,000","195,704,000","183,096,000","153,473,000","116,530,000","94,607,000","45,400,000","69,200,000","61,400,000","97,400,000","47,200,000","23,200,000","8,900,000","6,500,000"
ReconciledDepreciation,"126,297,000","123,351,000","118,721,000","115,524,000","119,588,000","118,165,000","115,634,000","98,308,000","89,217,000","91,648,000","88,335,000","93,139,000","128,720,000","130,649,000","147,117,000","184,717,000","210,613,000","232,732,000","242,543,000","230,434,000","206,810,000","163,896,000","102,414,000","56,637,000","51,742,000","46,019,000","44,257,000","44,000,000","37,600,000","40,000,000","20,100,000","14,600,000","6,900,000","2,800,000","1,600,000"
NetIncomeFromContinuingOperationNetMinorityInterest,"992,412,000","988,979,000","345,777,000","204,101,000","203,086,000","252,417,000","158,898,000","164,243,000","439,948,000","72,229,000","126,538,000","-149,871,000","-1,854,038,000","296,252,000","142,174,000","49,343,000","74,474,000","-17,566,000","71,949,000","141,287,000","49,977,000","-14,075,000","31,982,000","181,742,000","29,038,000","97,270,000","36,648,000","-600,000","55,400,000","-21,700,000","38,000,000","27,800,000","13,100,000","3,200,000","1,500,000"
TotalUnusualItemsExcludingGoodwill,"-8,243,000","-11,419,000","-15,368,000","3,273,000","-28,427,000","3,095,000","-3,805,000","-12,291,000","9,536,000","16,547,000","-24,479,000","-34,476,000","-1,448,559,000","20,447,000","-8,557,000","-29,637,000","-31,079,000","-75,435,000","78,808,000","82,346,000","-2,240,000","-57,931,000","-256,115,000","-18,429,000","-101,325,000","17,237,000","-9,891,000","2,300,000","3,500,000","5,200,000","4,600,000","2,400,000","-300,000","500,000","200,000"
TotalUnusualItems,"-8,243,000","-11,419,000","-15,368,000","3,273,000","-28,427,000","3,095,000","-3,805,000","-12,291,000","9,536,000","16,547,000","-24,479,000","-34,476,000","-1,448,559,000","20,447,000","-8,557,000","-29,637,000","-31,079,000","-75,435,000","78,808,000","82,346,000","-2,240,000","-57,931,000","-256,115,000","-18,429,000","-101,325,000","17,237,000","-9,891,000","2,300,000","3,500,000","5,200,000","4,600,000","2,400,000","-300,000","500,000","200,000"
NormalizedEBITDA,"633,517,000","632,567,000","533,618,000","452,961,000","408,838,000","410,977,000","334,562,000","307,176,000","302,694,000","213,552,000","86,389,000","2,982,000","-12,832,000","421,109,000","380,369,000","377,920,000","365,406,000","365,039,000","472,786,000","307,890,000","272,465,000","209,077,000","463,717,000","309,073,000","244,326,000","146,642,000","112,902,000","39,400,000","99,800,000","20,900,000","68,000,000","52,900,000","27,100,000","6,800,000","3,700,000"
TaxRateForCalcs,"0.4","0.27","0.081","0.352","0.144","0.057","0.122","0.35","0.35","0.243","0.35","0.024","0.35","0.186","0.4","0.4","0.138","0.4","0.4","0.4","0.265","0.4","0.4","0.333","0.4","0.28","0.25","0.4","0.19","0.4","0.325","0.344","0.311","0.333","0.348"
TaxEffectOfUnusualItems,"-3,297,200","-3,083,130","-1,244,808","1,152,096","-4,093,488","176,415","-464,210","-4,301,850","3,337,600","4,022,391.79","-8,567,650","-816,167.447","-506,995,650","3,808,858.967","-3,422,800","-11,854,800","-4,301,376.459","-30,174,000","31,523,200","32,938,400","-593,601.977","-23,172,400","-102,446,000","-6,134,074.541","-40,530,000","4,826,339.586","-2,472,598.183","920,000","665,204.678","2,080,000","1,495,204.263","826,415.094","-93,157.895","166,666.667","69,565.217"