name,ttm,03/31/2020,12/31/2019,09/30/2019,06/30/2019,03/31/2019,12/31/2018,09/30/2018,06/30/2018,03/31/2018,12/31/2017,09/30/2017,06/30/2017,03/31/2017,12/31/2016,09/30/2016,06/30/2016,03/31/2016,12/31/2015,09/30/2015,06/30/2015,03/31/2015,12/31/2014,09/30/2014,06/30/2014,03/31/2014,12/31/2013,09/30/2013,06/30/2013,03/31/2013,12/31/2012,09/30/2012,06/30/2012,03/31/2012,12/31/2011,09/30/2011,06/30/2011,03/31/2011,12/31/2010,09/30/2010,06/30/2010,03/31/2010,12/31/2009,09/30/2009,06/30/2009,03/31/2009,12/31/2008,09/30/2008,06/30/2008,03/31/2008,12/31/2007,09/30/2007,06/30/2007,03/31/2007,12/31/2006,09/30/2006,06/30/2006,03/31/2006,12/31/2005,09/30/2005,06/30/2005,03/31/2005,12/31/2004,09/30/2004,06/30/2004,03/31/2004,12/31/2003,09/30/2003,06/30/2003,03/31/2003,12/31/2002,09/30/2002,06/30/2002,03/31/2002,12/31/2001,09/30/2001,06/30/2001,03/31/2001,12/31/2000,09/30/2000,06/30/2000,03/31/2000,12/31/1999,09/30/1999,06/30/1999,03/31/1999,12/31/1998,09/30/1998,06/30/1998,03/31/1998,12/31/1997,09/30/1997,06/30/1997,03/31/1997,12/31/1996,09/30/1996,06/30/1996,03/31/1996,12/31/1995,09/30/1995,06/30/1995,03/31/1995,12/31/1994,09/30/1994,06/30/1994,03/31/1994,10/31/1993,07/31/1993,04/30/1993
TotalRevenue,"1,317,200,000","252,900,000","280,600,000","306,300,000","477,400,000","265,400,000","219,000,000","221,300,000","379,400,000","189,300,000","-163,600,000","314,800,000","451,900,000","279,500,000","278,300,000","303,400,000","438,500,000","288,400,000","272,387,000","279,765,000","409,239,000","250,910,000","168,308,000","173,665,000","303,651,000","167,310,000","161,833,000","185,646,000","283,773,000","148,073,000","158,494,000","164,877,000","270,816,000","138,196,000","149,265,000","166,349,000","249,686,000","131,554,000","174,039,000","135,744,000","200,512,000","75,050,000","85,031,000","100,896,000","180,037,000","73,737,000","85,945,000","99,603,000","179,297,000","65,721,000","89,055,000","103,905,000","169,933,000","47,842,000","51,987,000","106,350,000","175,025,000","45,028,000","81,766,000","112,016,000","163,202,000","56,252,000","116,066,000","119,683,000","191,068,000","37,729,000","92,423,000","117,525,000","180,496,000","33,789,000","110,005,000","125,587,000","172,627,000","30,972,000","110,819,000","121,247,000","163,257,000","31,715,000","100,896,000","103,536,000","131,938,000","25,645,000","93,500,000","63,100,000","84,100,000","17,700,000","31,200,000","33,300,000","67,400,000","15,400,000","28,400,000","16,800,000","60,800,000","13,300,000","27,800,000","14,000,000","54,900,000","11,600,000","21,200,000","13,200,000","49,300,000","8,600,000","11,800,000","11,800,000","40,000,000","2,400,000","3,100,000","34,400,000","8,800,000"
	OperatingRevenue,"1,242,600,000","238,400,000","268,900,000","279,900,000","455,400,000","252,900,000","201,900,000","214,400,000","374,400,000","185,000,000","-168,800,000","310,100,000","446,700,000","275,400,000","274,300,000","298,900,000","434,100,000","284,400,000","268,682,000","275,432,000","404,480,000","247,071,000","163,838,000","169,126,000","298,469,000","163,218,000","157,619,000","179,041,000","276,805,000","142,818,000","134,590,000","164,877,000","270,816,000","138,196,000","149,265,000","166,349,000","249,686,000","131,554,000","174,039,000","135,744,000","200,512,000","75,050,000","85,031,000","100,896,000","180,037,000","73,737,000","85,945,000","99,603,000","179,297,000","65,721,000","89,055,000","103,905,000","169,933,000","47,842,000","51,987,000","106,350,000","175,025,000","45,028,000","81,766,000","112,016,000","163,202,000","56,252,000","116,066,000","119,683,000","191,068,000","37,729,000","92,423,000","117,525,000","180,496,000","33,789,000","110,005,000","125,587,000","172,627,000","30,972,000","110,819,000","121,247,000","163,257,000","31,715,000","100,896,000","103,536,000","131,938,000","25,645,000","93,500,000","63,100,000","84,100,000","17,700,000","31,200,000","33,300,000","67,400,000","15,400,000","28,400,000","16,800,000","60,800,000","13,300,000","27,800,000","14,000,000","54,900,000","11,600,000","21,200,000","13,200,000","49,300,000","8,600,000","11,800,000","11,800,000","40,000,000","2,400,000","3,100,000","34,400,000","8,800,000"
CostOfRevenue,"1,000,300,000","222,600,000","244,200,000","243,200,000","290,300,000","209,000,000","178,300,000","173,700,000","217,600,000","149,800,000","-126,400,000","244,400,000","284,800,000","227,000,000","225,100,000","238,600,000","284,200,000","245,100,000","223,409,000","220,143,000","263,268,000","216,834,000","153,675,000","144,819,000","190,828,000","144,710,000","144,397,000","154,285,000","179,575,000","127,897,000","136,627,000","138,827,000","173,566,000","119,788,000","128,878,000","140,124,000","163,910,000","104,417,000","159,812,000","117,168,000","137,332,000","77,905,000","81,458,000","85,344,000","116,929,000","62,866,000","78,123,000","83,302,000","114,669,000","68,184,000","78,638,000","86,264,000","108,577,000","52,925,000","45,597,000","91,742,000","115,937,000","51,872,000","78,274,000","96,677,000","110,352,000","65,389,000","102,917,000","101,346,000","133,586,000","47,493,000","83,595,000","95,371,000","123,425,000","43,542,000","89,702,000","101,564,000","122,701,000","39,729,000","92,428,000","99,145,000","114,802,000","39,263,000","82,021,000","75,895,000","85,493,000","26,911,000","75,000,000","50,800,000","53,100,000","17,300,000","28,400,000","29,000,000","40,900,000","14,800,000","24,700,000","16,700,000","36,500,000","13,300,000","24,300,000","13,900,000","31,900,000","12,100,000","27,700,000","10,600,000","24,700,000","6,300,000",,,"17,300,000","900,000","1,800,000","15,800,000",
GrossProfit,"316,900,000","30,300,000","36,400,000","63,100,000","187,100,000","56,400,000","40,700,000","47,600,000","161,800,000","39,500,000","-37,200,000","70,400,000","167,100,000","52,500,000","53,200,000","64,800,000","154,300,000","43,300,000","48,978,000","59,622,000","145,971,000","34,076,000","14,633,000","28,846,000","112,823,000","22,600,000","17,436,000","31,361,000","104,198,000","20,176,000","21,867,000","26,050,000","97,250,000","18,408,000","20,387,000","26,225,000","85,776,000","27,137,000","14,227,000","18,576,000","63,180,000","-2,855,000","3,573,000","15,552,000","63,108,000","10,871,000","7,822,000","16,301,000","64,628,000","-2,463,000","10,417,000","17,641,000","61,356,000","-5,083,000","6,390,000","14,608,000","59,088,000","-6,844,000","3,492,000","15,339,000","52,850,000","-9,137,000","13,149,000","18,337,000","57,482,000","-9,764,000","8,828,000","22,154,000","57,071,000","-9,753,000","20,303,000","24,023,000","49,926,000","-8,757,000","18,391,000","22,102,000","48,455,000","-7,548,000","18,875,000","27,641,000","46,445,000","-1,266,000","18,500,000","12,300,000","31,000,000","400,000","2,800,000","4,300,000","26,500,000","600,000","3,700,000","100,000","24,300,000","0","3,500,000","100,000","23,000,000","-500,000","-6,500,000","2,600,000","24,600,000","2,300,000",,,"22,700,000","1,500,000","1,300,000","18,600,000",
OperatingExpense,"121,200,000","24,100,000","32,600,000","34,400,000","30,100,000","24,900,000","27,300,000","21,700,000","23,100,000","18,400,000","-24,400,000","36,700,000","36,800,000","34,800,000","34,700,000","36,900,000","35,800,000","34,300,000","32,271,000","47,330,000","31,882,000","31,804,000","24,510,000","20,473,000","18,666,000","21,465,000","22,604,000","21,188,000","22,096,000","17,558,000","25,837,000","18,237,000","15,067,000","14,688,000","14,086,000","16,138,000","18,301,000","16,004,000","18,497,000","15,281,000","15,956,000","13,371,000","13,427,000","13,092,000","11,986,000","19,866,000","13,001,000","12,006,000","13,545,000","-5,043,000","15,576,000","13,009,000","13,069,000","9,041,000","3,418,000","9,620,000","2,307,000","10,462,000","11,029,000","9,274,000","12,461,000","14,142,000","10,347,000","19,451,000","10,085,000","9,078,000","8,592,000","8,556,000","8,765,000","8,108,000","14,393,000","8,312,000","8,872,000","8,396,000","8,768,000","7,347,000","8,032,000","7,916,000","12,069,000","11,817,000","10,957,000","10,274,000","9,700,000","8,700,000","6,200,000","5,200,000","4,100,000","5,300,000","4,200,000","3,400,000","4,000,000","3,100,000","3,500,000","3,100,000","4,400,000","2,900,000","3,300,000","2,900,000","-5,500,000","6,200,000","7,000,000","5,200,000",,,"5,600,000","5,200,000","5,300,000","5,500,000",
	SellingGeneralAndAdministration,"121,200,000","24,100,000","32,600,000","34,400,000","30,100,000","24,900,000","27,300,000","21,700,000","23,100,000","18,400,000","5,500,000","26,800,000","26,700,000","24,100,000","24,900,000","27,600,000","24,600,000","23,100,000","22,537,000","24,643,000","22,035,000","21,572,000","24,510,000","20,473,000","18,666,000","21,465,000","22,604,000","21,188,000","22,096,000","17,558,000","19,323,000","18,237,000","20,070,000","16,199,000","14,086,000","16,138,000","18,301,000","16,004,000","18,497,000","15,281,000","15,956,000","13,371,000","13,427,000","13,092,000","11,986,000","12,449,000","13,001,000","12,006,000","13,545,000","12,157,000","15,576,000","13,009,000","13,069,000","9,825,000","9,695,000","11,452,000","11,921,000","10,462,000","11,029,000","9,274,000","12,461,000","14,142,000","16,549,000","13,249,000","10,085,000","9,078,000","8,592,000","8,556,000","8,765,000","8,108,000","9,893,000","8,312,000","8,872,000","8,396,000","8,768,000","7,347,000","8,032,000","7,916,000","7,438,000","7,430,000","6,782,000","6,181,000","6,100,000","5,500,000","3,600,000","3,300,000","2,400,000","3,800,000","2,800,000","2,200,000","2,700,000","2,000,000","2,400,000","2,000,000","3,000,000","1,800,000","2,100,000","1,800,000","-6,500,000","4,900,000","5,900,000","4,100,000",,,"4,800,000","4,300,000","4,600,000","4,800,000",
		GeneralAndAdministrativeExpense,,,,,,"24,900,000",,,,,,,,,,,,,,,,,,,,,"22,604,000",,,,"19,323,000",,,,,,,,,,,,,,,,,,,,,,,,,,,,,,,,,,,,,,,,,,,,,,,,,,,,,,,,,,,,,,,,,,,,,,,,,,,,,,
			OtherGandA,,,,,,"24,900,000",,,,,,,,,,,,,,,,,,,,,"22,604,000",,,,"19,323,000",,,,,,,,,,,,,,,,,,,,,,,,,,,,,,,,,,,,,,,,,,,,,,,,,,,,,,,,,,,,,,,,,,,,,,,,,,,,,,
	ResearchAndDevelopment,,,,,,,,,,,,"9,700,000","9,900,000","10,300,000","9,700,000","8,800,000","9,700,000","10,800,000","9,370,000","9,950,000","9,847,000","10,232,000",,,,,,,,,,,,,,,,,,,,,,,,,,,,,,,,,,,,,,,,,,,,,,,,,,,,,,,,,,,,,,,,,,,,,,,,,,,,,,,,,,,,,,,
	DepreciationAmortizationDepletionIncomeStatement,,,,,,,,,,,,,,,,,,,,,,,,,,,,,,,,,,,,,,,,,,,,,,"7,417,000",,,,,,,,,,,,,,,,,,,,,,,,,,,,,,,,,"4,631,000","4,387,000","4,175,000","4,093,000","3,600,000","3,200,000","2,600,000","1,900,000","1,700,000","1,500,000","1,400,000","1,200,000","1,300,000","1,100,000","1,100,000","1,100,000","1,400,000","1,100,000","1,200,000","1,100,000","1,000,000","1,300,000","1,100,000","1,100,000",,,"800,000","900,000","700,000","700,000",
		DepreciationAndAmortizationInIncomeStatement,,,,,,,,,,,,,,,,,,,,,,,,,,,,,,,,,,,,,,,,,,,,,,"7,417,000",,,,,,,,,,,,,,,,,,,,,,,,,,,,,,,,,"4,631,000","4,387,000","4,175,000","4,093,000","3,600,000","3,200,000","2,600,000","1,900,000","1,700,000","1,500,000","1,400,000","1,200,000","1,300,000","1,100,000","1,100,000","1,100,000","1,400,000","1,100,000","1,200,000","1,100,000","1,000,000","1,300,000","1,100,000","1,100,000",,,"800,000","900,000","700,000","700,000",
	OtherOperatingExpenses,,,,,,,,,,,"0","200,000","200,000","400,000","100,000","500,000","1,500,000","400,000","364,000","12,737,000",,,,,,,,,,,,,"-5,003,000","-1,511,000",,,,,,,,,,,"116,929,000",,"0",,,"-17,200,000","0",,,"-784,000","-6,277,000","-1,832,000","-9,614,000",,,,,,,"6,202,000",,,,,,,,,,,,,,,,,,,,,,,,,,,,,,,,,,,,,,,,,,,,,
OperatingIncome,"195,700,000","6,200,000","3,800,000","28,700,000","157,000,000","31,500,000","13,400,000","25,900,000","138,700,000","21,100,000","-12,800,000","33,700,000","130,300,000","17,700,000","18,500,000","27,900,000","118,500,000","9,000,000","16,707,000","12,292,000","114,089,000","2,272,000","-9,877,000","8,373,000","94,157,000","1,135,000","-5,168,000","10,173,000","82,102,000","2,618,000","-3,970,000","7,813,000","82,183,000","3,720,000","6,301,000","10,087,000","67,475,000","11,133,000","-4,270,000","3,295,000","47,224,000","-16,226,000","-9,854,000","2,460,000","51,122,000","-8,995,000","-5,179,000","4,295,000","51,083,000","2,580,000","-5,159,000","4,632,000","48,287,000","-14,124,000","2,972,000","4,988,000","56,781,000","-17,306,000","-7,537,000","6,065,000","40,389,000","-23,279,000","2,802,000","-1,114,000","47,397,000","-18,842,000","236,000","13,598,000","48,306,000","-17,861,000","5,910,000","15,711,000","41,054,000","-17,153,000","9,623,000","14,755,000","40,423,000","-15,464,000","6,806,000","15,824,000","35,488,000","-11,540,000","8,800,000","3,600,000","24,800,000","-4,800,000","-1,300,000","-1,000,000","22,300,000","-2,800,000","-300,000","-3,000,000","20,800,000","-3,100,000","-900,000","-2,800,000","19,700,000","-3,400,000","-1,000,000","-3,600,000","17,600,000","-2,900,000","-44,700,000","11,800,000","17,100,000","-3,700,000","-4,000,000","13,100,000","8,800,000"
NetNonOperatingInterestIncomeExpense,"-76,500,000","-19,300,000","-18,900,000","-18,900,000","-19,400,000","-13,700,000","-10,900,000","-9,900,000","-9,700,000","-9,600,000","-13,300,000","-12,600,000","-11,600,000","-11,800,000","-10,900,000","-11,100,000","-11,100,000","-10,600,000","-7,449,000","-6,732,000","-7,106,000","-7,266,000","-5,730,000","-5,167,000","-4,956,000","-4,969,000","-2,085,000","-1,401,000","-1,167,000","-1,466,000","-1,447,000","-842,000","-947,000","-1,205,000","-1,199,000","-1,460,000","-3,405,000","-2,392,000","-1,849,000","-1,595,000","-1,403,000","-1,147,000","-769,000","148,000","53,000","-193,000",,,,,,,,,,,,,,,,,,,,,,,,,,,,,,,,,,,,,,,,,,,,,,,,,,,,,,,,,,,,,,,
	InterestIncomeNonOperating,,,,,,,,,,,,,,,,,"0",,"-190,000","8,000","6,000","218,000","5,000","6,000","5,000","4,000","7,000","6,000","89,000","10,000","6,000","31,000","35,000","18,000","228,000","116,000","56,000","68,000","27,000","30,000","17,000","111,000","116,000","393,000","264,000","123,000",,,,,,,,,,,,,,,,,,,,,,,,,,,,,,,,,,,,,,,,,,,,,,,,,,,,,,,,,,,,,,,
	InterestExpenseNonOperating,"76,500,000","19,300,000","18,900,000","18,900,000","19,400,000","13,700,000","10,900,000","9,900,000","9,700,000","9,600,000","13,300,000","12,600,000","11,600,000","11,800,000","10,900,000","11,100,000","11,100,000","10,600,000","7,259,000","6,740,000","7,112,000","7,484,000","5,735,000","5,173,000","4,961,000","4,973,000","2,092,000","1,407,000","1,256,000","1,476,000","1,453,000","873,000","982,000","1,223,000","1,427,000","1,576,000","3,461,000","2,460,000","1,876,000","1,625,000","1,420,000","1,258,000","885,000","245,000","211,000","316,000",,,,,,,,,,,,,,,,,,,,,,,,,,,,,,,,,,,,,,,,,,,,,,,,,,,,,,,,,,,,,,,
	TotalOtherFinanceCost,,,"18,900,000","18,900,000","19,400,000","13,700,000","10,900,000","9,900,000","9,700,000","9,600,000",,,,,,,,,,,,,,,,,,,,,,,,,,,,,,,,,,,,,,,,,,,,,,,,,,,,,,,,,,,,,,,,,,,,,,,,,,,,,,,,,,,,,,,,,,,,,,,,,,,
OtherIncomeExpense,"24,600,000","-21,100,000","23,000,000","13,400,000","9,300,000","600,000","4,000,000","58,700,000","7,000,000","5,200,000","-37,300,000","7,200,000","7,100,000","5,900,000","29,600,000","3,600,000","4,100,000","600,000","-1,023,000","-607,000","-5,265,000","2,177,000","-3,214,000","1,171,000","2,899,000","2,696,000","-2,261,000","3,551,000","392,000","218,000","6,740,000","98,000","-527,000","-187,000","-596,000","19,467,000","3,618,000","41,000","158,000","1,362,000","69,000","737,000","143,000","-246,000","5,000","642,000","122,000","-378,000","-679,000","16,742,000","-2,419,000","-794,000","1,136,000","1,148,000","6,185,000","1,944,000","9,832,000","857,000","784,000","917,000","284,000","743,000","3,534,000","-5,903,000","504,000","336,000","499,000","22,000","151,000","402,000","-4,857,000","-586,000","-422,000","-169,000","-68,000","-72,000","-88,000","131,000","347,000","-97,000","-459,000","42,000","0","200,000","300,000","200,000","300,000","200,000","200,000","300,000","300,000","200,000","200,000","200,000","600,000","300,000","100,000",,"100,000","200,000","100,000","100,000",,,"100,000","100,000","300,000","500,000",
	EarningsFromEquityInterest,"43,200,000","-3,300,000","22,900,000","14,100,000","9,500,000","4,100,000","5,200,000","9,100,000","8,800,000","6,500,000","2,800,000","8,900,000","7,700,000","6,100,000","3,900,000","4,900,000","4,800,000","3,800,000","2,936,000","2,389,000","2,907,000","2,948,000","475,000","1,057,000","2,506,000","2,290,000","-2,460,000","-887,000","-631,000","-164,000","-446,000","-471,000","-564,000","-220,000","-690,000","-467,000","460,000","-416,000","-254,000","-470,000","-290,000","443,000","-319,000","-568,000","-395,000","322,000","-407,000","-670,000","-1,140,000","-830,000","-1,101,000","-1,278,000",,,,,,,,,,,,,,,,,,,,,,,,,,,,,,,,,,,,,,,,,,,,,,,,,,,,,,,,,
	SpecialIncomeCharges,"-19,600,000","-17,800,000","-300,000","-900,000","-600,000","-3,500,000","-1,400,000","49,500,000","-2,100,000","-1,400,000","-40,700,000","-700,000","-800,000","-200,000","25,200,000","-1,100,000","-1,100,000","-2,700,000","-10,155,000","-2,810,000","-8,200,000","-583,000","-3,826,000","0","0","431,000","0","0","0","375,000","6,367,000","569,000","37,000","33,000","94,000","19,934,000","3,158,000","457,000","412,000","1,832,000","359,000","294,000","462,000","322,000","400,000","320,000","529,000","292,000","461,000","17,572,000","-1,318,000","484,000","1,136,000","1,148,000","6,185,000","1,944,000","9,832,000","857,000","784,000","917,000","284,000","743,000","3,534,000","-5,903,000","504,000","336,000","499,000","22,000","151,000","402,000","-4,857,000","-586,000","-422,000","-169,000","-68,000","-72,000","-88,000","131,000","347,000","-97,000","-459,000","42,000","0","200,000","300,000","200,000","300,000","200,000","200,000","300,000","300,000","200,000","200,000","200,000","600,000","300,000","100,000",,"100,000","200,000","100,000","100,000",,,"100,000","100,000","300,000","500,000",
		RestructuringAndMergernAcquisition,"2,100,000","300,000","300,000","900,000","600,000","3,500,000","1,400,000","5,400,000","2,100,000","1,400,000",,"700,000","800,000","200,000","-1,500,000","1,100,000","1,100,000","2,700,000","4,338,000","2,810,000","8,200,000","6,400,000","3,826,000",,,,,,,,,,,,,,,,,,,,,,,,,,,,,,,,,,,,,,,,,,,,,,,,,,,,,,,,,,,,,,,,,,,,,,,,,,,,,,,,,,,,,,
		ImpairmentOfCapitalAssets,"17,500,000","17,500,000",,,,,"0",,,,"21,700,000",,,,,,,,,,,,,,,,,,,,,,,,,,,,,,,,,,,,,,,,,,,,,,,,,,,,,,,,,,,,,,,,,,,,,,,,,,,,,,,,,,,,,,,,,,,,,,,,,,
		OtherSpecialCharges,,,,,,,,,,,"20,700,000",,,,,,,,,,,,"0",,,"-431,000","0",,,"-375,000","-492,000",,,,,,,,,,,,,,,,,,,,,,,,,,,,,,,,,,,,,,,,,,,,,,,,,,,,,,,,,,,,,,,,,,,,,,,,,,,,,,
		GainOnSaleOfBusiness,,,"0","0",,,"0","54,900,000",,,,,,,,,,,,"0","0","5,817,000",,,,,,,,,,,,,,,,,,,,,,,,,,,,,,,,,,,,,,,,,,,,,,,,,,,,,,,,,,,,,,,,,,,,,,,,,,,,,,,,,,,,,,,
		GainOnSaleOfPPE,,,,,,,,,,,"0",,,,"23,700,000",,,,,,,,,,,,,,,,,,,,,,,,,,,,,,,,,,,,,,,,,,,,,,,,,,,,,,,,,,,,,,,,,,,,,,,,,,,,,,,,,,,,,,,,,,,,,,
	OtherNonOperatingIncomeExpenses,,,"400,000","200,000","400,000",,"200,000","100,000","300,000","100,000","600,000","-1,000,000","200,000",,"500,000","-200,000","400,000","-500,000","6,196,000","-186,000","28,000","-188,000","137,000","114,000","393,000","-25,000","199,000","4,438,000","1,023,000","7,000","180,000",,,,,,,,,,,,,,,,,,,,,,,,,,,,,,,,,,,,,,,,,,,,,,,,,,,,,,,,,,,,,,,,,,,,,,,,,,,,,,
PretaxIncome,"143,800,000","-34,200,000","7,900,000","23,200,000","146,900,000","18,400,000","6,500,000","74,700,000","136,000,000","16,700,000","-63,400,000","28,300,000","125,800,000","11,800,000","37,200,000","20,400,000","111,500,000","-1,000,000","8,235,000","4,953,000","101,718,000","-2,817,000","-18,821,000","4,377,000","92,100,000","-1,138,000","-9,514,000","12,323,000","81,327,000","1,370,000","1,323,000","7,069,000","80,709,000","2,328,000","4,506,000","28,094,000","67,688,000","-5,204,000","-5,961,000","3,062,000","45,890,000","-16,636,000","-10,480,000","2,362,000","51,180,000","-8,546,000","-5,582,000","3,699,000","50,285,000","1,398,000","-8,731,000","2,878,000","48,975,000","13,778,000","2,951,000","4,846,000","56,663,000","-16,933,000","-7,053,000","6,852,000","40,359,000","-25,097,000","-2,340,000","-2,239,000","46,812,000","-19,774,000","-650,000","13,271,000","47,051,000","-19,224,000","3,747,000","13,226,000","38,410,000","-19,893,000","6,912,000","11,914,000","37,113,000","-18,735,000","3,907,000","12,313,000","31,350,000","-14,983,000","5,500,000","2,100,000","23,400,000","-5,000,000","-1,200,000","-1,100,000","22,100,000","-2,600,000","-100,000","-2,900,000","21,000,000","-3,000,000","-600,000","-2,500,000","19,700,000","-3,500,000","-900,000","-3,500,000","17,600,000","-2,900,000",,,"17,300,000","-3,600,000","-3,700,000","13,400,000",
TaxProvision,"38,700,000","-11,600,000","3,700,000","8,000,000","38,600,000","6,500,000","-800,000","16,700,000","32,800,000","2,600,000","-83,500,000","11,600,000","47,500,000","4,500,000","10,400,000","11,700,000","41,700,000","-3,800,000","727,000","750,000","46,674,000","-1,259,000","-5,014,000","846,000","34,767,000","-438,000","-4,032,000","3,165,000","31,029,000","311,000","-1,051,000","1,096,000","32,133,000","974,000","235,000","8,374,000","27,698,000","-2,018,000","-1,693,000","-638,000","18,285,000","-8,227,000","-3,588,000","3,578,000","20,324,000","-3,479,000","-2,116,000","1,351,000","20,854,000","563,000","-3,600,000","1,741,000","19,513,000","-5,348,000","-380,000","2,128,000","23,310,000","-6,660,000","-3,201,000","3,010,000","17,681,000","-11,200,000","854,000","1,601,000","19,384,000","-8,028,000","-376,000","5,388,000","19,026,000","-7,728,000","1,760,000","5,317,000","15,302,000","-7,858,000","2,862,000","4,823,000","15,218,000","-7,775,000","1,621,000","5,010,000","13,010,000","-6,218,000","2,300,000","900,000","9,700,000","-2,000,000","-400,000","-400,000","8,600,000","-1,000,000","-100,000","-1,100,000","8,200,000","-1,200,000","-500,000","-900,000","7,800,000","-1,400,000","-400,000","-1,300,000","6,900,000","-1,100,000",,,"6,800,000","-1,400,000","-1,500,000","5,300,000",
NetIncomeCommonStockholders,"102,500,000","-23,400,000","4,000,000","14,800,000","107,100,000","11,600,000","11,400,000","56,300,000","103,100,000","182,000,000","38,200,000","16,700,000","78,300,000","7,300,000","26,800,000","8,700,000","69,800,000","2,800,000","7,508,000","4,203,000","55,044,000","-1,558,000","-13,807,000","3,531,000","57,333,000","-700,000","-5,705,000","9,249,000","50,298,000","1,058,000","2,374,000","5,973,000","48,576,000","1,353,000","7,613,000","19,780,000","40,147,000","-3,185,000","-1,895,000","-689,000","27,605,000","-8,668,000","-6,882,000","-2,325,000","30,861,000","-4,826,000","-4,073,000","2,468,000","29,412,000","742,000","-6,215,000","818,000","29,319,000","-8,191,000","-2,016,000","8,747,000","33,353,000","-10,273,000","-3,016,000","71,635,000","22,678,000","-13,897,000","-3,013,000","-3,840,000","27,428,000","-11,746,000","-413,000","7,883,000","28,025,000","-11,496,000","1,987,000","7,909,000","23,108,000","-12,035,000","4,050,000","7,091,000","21,895,000","-10,960,000","2,286,000","7,303,000","18,340,000","-8,765,000","3,200,000","1,200,000","13,700,000","-3,000,000","-800,000","-700,000","13,500,000","-1,600,000","0","-1,800,000","12,800,000","-1,800,000","-100,000","-1,600,000","11,900,000","-2,100,000","-500,000","-2,200,000","10,700,000","-1,800,000","-1,000,000","-1,100,000","10,500,000","-2,200,000","-2,200,000","8,100,000","200,000"
	NetIncome,"102,500,000","-23,400,000","4,000,000","14,800,000","107,100,000","11,600,000","11,400,000","56,300,000","103,100,000","182,000,000","38,200,000","16,700,000","78,300,000","7,300,000","26,800,000","8,700,000","69,800,000","2,800,000","7,508,000","4,203,000","55,044,000","-1,558,000","-13,807,000","3,531,000","57,333,000","-700,000","-5,705,000","9,249,000","50,298,000","1,058,000","2,374,000","5,973,000","48,576,000","1,353,000","7,613,000","19,780,000","40,147,000","-3,185,000","-1,895,000","-689,000","27,605,000","-8,668,000","-6,882,000","-2,325,000","30,861,000","-4,826,000","-4,073,000","2,468,000","29,412,000","742,000","-6,215,000","818,000","29,319,000","-8,191,000","-2,016,000","8,747,000","33,353,000","-10,273,000","-3,016,000","71,635,000","22,678,000","-13,897,000","-3,013,000","-3,840,000","27,428,000","-11,746,000","-413,000","7,883,000","28,025,000","-11,496,000","1,987,000","7,909,000","23,108,000","-12,035,000","4,050,000","7,091,000","21,895,000","-10,960,000","2,286,000","7,303,000","18,340,000","-8,765,000","3,200,000","1,200,000","13,700,000","-3,000,000","-800,000","-700,000","13,500,000","-1,600,000","0","-1,800,000","12,800,000","-1,800,000","-100,000","-1,600,000","11,900,000","-2,100,000","-500,000","-2,200,000","10,700,000","-1,800,000","-1,000,000","-1,100,000","10,500,000","-2,200,000","-2,200,000","8,100,000","200,000"
		NetIncomeIncludingNoncontrollingInterests,"102,100,000","-23,500,000","3,700,000","14,800,000","107,100,000","11,600,000","11,400,000","56,300,000","103,100,000","182,000,000","38,200,000","16,700,000","78,300,000","7,300,000","26,800,000","8,700,000","69,800,000","2,800,000","7,508,000","4,203,000","55,044,000","-1,558,000","-13,807,000","3,531,000","57,333,000","-700,000","-5,705,000","9,249,000","50,298,000","1,058,000","2,374,000","5,973,000","48,576,000","1,353,000","7,613,000","19,780,000","40,147,000","-3,185,000","-1,895,000","-689,000","27,605,000","-8,668,000","-6,882,000","-2,325,000","30,861,000","-4,826,000","-4,073,000","2,468,000","29,412,000","742,000","-6,215,000","818,000","29,319,000","-8,191,000","-2,016,000","8,747,000","33,353,000","-10,273,000","-3,016,000","71,635,000","22,678,000","-13,897,000","-3,013,000","-3,840,000","27,428,000","-11,746,000","-413,000","7,883,000","28,025,000","-11,496,000","1,987,000","7,909,000","23,108,000","-12,035,000","4,050,000","7,091,000","21,895,000","-10,960,000","2,286,000","7,303,000","18,340,000","-8,765,000","3,200,000","1,200,000","13,700,000","-3,000,000","-800,000","-700,000","13,500,000","-1,600,000","0","-1,800,000","12,800,000","-1,800,000","-100,000","-1,600,000","11,900,000","-2,100,000","-500,000","-2,200,000","10,700,000","-1,800,000","-1,000,000","-1,100,000","10,500,000","-2,200,000","-2,200,000","8,100,000","200,000"
			NetIncomeContinuousOperations,"105,100,000","-22,600,000","4,200,000","15,200,000","108,300,000","11,900,000","7,300,000","58,000,000","103,200,000","14,100,000","20,100,000","16,700,000","78,300,000","7,300,000","26,800,000","8,700,000","69,800,000","2,800,000","7,508,000","4,203,000","55,044,000","-1,558,000","-13,807,000","3,531,000","57,333,000","-700,000","-5,482,000","9,158,000","50,298,000","1,059,000","2,374,000","5,973,000","48,576,000","1,354,000","4,271,000","19,720,000","39,990,000","-3,186,000","-4,268,000","3,700,000","27,605,000","-8,409,000","-6,892,000","-1,216,000","30,856,000","-5,067,000","-3,466,000","2,348,000","29,431,000","835,000","-5,131,000","1,137,000","29,462,000","-8,430,000","3,331,000","2,718,000","33,353,000","-10,273,000","-3,852,000","3,842,000","22,678,000","-13,897,000","-3,194,000","-3,840,000","27,428,000","-11,746,000","-274,000","7,883,000","28,025,000","-11,496,000","1,987,000","7,909,000","23,108,000","-12,035,000","4,050,000","7,091,000","21,895,000","-10,960,000","2,286,000","7,303,000","18,340,000","-8,765,000","3,200,000","1,200,000","13,700,000","-3,000,000","-800,000","-700,000","13,500,000","-1,600,000","0","-1,800,000","12,800,000","-1,800,000","-100,000","-1,600,000","11,900,000","-2,100,000","-500,000","-2,200,000","10,700,000","-1,800,000","-1,000,000","-1,100,000","10,500,000","-2,200,000","-2,200,000","8,100,000","200,000"
			NetIncomeDiscontinuousOperations,"-3,000,000","-900,000","-500,000","-400,000","-1,200,000","-300,000","4,100,000","-1,700,000","-100,000","167,900,000","3,800,000",,,,,,,,,,,,"0","0","0","0","-223,000","91,000","0","-1,000","0","0","0","-1,000","3,342,000","60,000","157,000","1,000","2,373,000","-4,389,000","0","-259,000","10,000","-1,109,000","5,000","241,000","-607,000","120,000","-19,000","-93,000","-1,084,000","-319,000","-143,000","239,000","-5,347,000","6,029,000",,,"836,000","67,793,000",,,,,,,,,,,,,,,,,,,,,,,,,,,,,,,,,,,,,,,,,,,,,,,,,
		MinorityInterests,"400,000","100,000","300,000",,,,,,,,,,,,,,,,,,,,,,,,,,,,,,,,,,,,,,,,,,,,,,,,,,,,,,,,,,,,,,,,,,,,,,,,,,,,,,,,,,,,,,,,,,,,,,,,,,,,,,,,,,
DilutedNIAvailtoComStockholders,"102,500,000","-23,400,000","4,000,000","14,800,000","107,100,000","11,600,000","11,400,000","56,300,000","103,100,000","182,000,000","38,200,000","16,700,000","78,300,000","7,300,000","26,800,000","8,700,000","69,800,000","2,800,000","7,508,000","4,203,000","55,044,000","-1,558,000","-13,807,000","3,531,000","57,333,000","-700,000","-5,705,000","9,249,000","50,298,000","1,058,000","2,374,000","5,973,000","48,576,000","1,353,000","7,613,000","19,780,000","40,147,000","-3,185,000","-1,895,000","-689,000","27,605,000","-8,668,000","-6,882,000","-2,325,000","30,861,000","-4,826,000","-4,073,000","2,468,000","29,412,000","742,000","-6,215,000","818,000","29,319,000","-8,191,000","-2,016,000","8,747,000","33,353,000","-10,273,000","-3,016,000","71,635,000","22,678,000","-13,897,000","-3,013,000","-3,840,000","27,428,000","-11,746,000","-413,000","7,883,000","28,025,000","-11,496,000","1,987,000","7,909,000","23,108,000","-12,035,000","4,050,000","7,091,000","21,895,000","-10,960,000","2,286,000","7,303,000","18,340,000","-8,765,000","3,200,000","1,200,000","13,700,000","-3,000,000","-800,000","-700,000","13,500,000","-1,600,000","0","-1,800,000","12,800,000","-1,800,000","-100,000","-1,600,000","11,900,000","-2,100,000","-500,000","-2,200,000","10,700,000","-1,800,000","-1,000,000","-1,100,000","10,500,000","-2,200,000","-2,200,000","8,100,000","200,000"
BasicEPS,,"-0.59","0.1","0.37","2.66","0.29","0.28","1.383","2.533","4.203","0.833","0.363","1.62","0.147","0.54","0.173","1.387","0.057","0.147","0.08","1.04","-0.03","-0.27","0.07","1.077","-0.013","-0.11","0.173","0.95","0.02","0.047","0.113","0.94","0.027",,"0.39","0.797","-0.063",,"-0.013","0.617","-0.213",,"-0.057","0.733","-0.12",,"0.06","0.703","0.017",,"0.02","0.703","-0.203",,"0.213","0.82","-0.263",,"1.787","0.603","-0.36",,"-0.097","0.687","-0.297",,"0.2","0.71","-0.29",,"0.2","0.587","-0.307",,"0.18","0.557","-0.28",,"0.23","0.62","-0.297",,"0.043","0.607","-0.133",,"-0.03","0.603","-0.07",,"-0.082","0.583","-0.087",,"-0.073","0.53","-0.093",,"-0.097","0.47","-0.08",,"-0.047","0.463","-0.097","-0.1","0.36","0.01"
DilutedEPS,,"-0.59","0.1","0.36","2.63","0.29","0.28","1.373","2.517","4.183","0.82","0.36","1.603","0.147","0.533","0.173","1.37","0.053","0.143","0.08","1.033","-0.03","-0.27","0.067","1.07","-0.013","-0.11","0.173","0.937","0.02","0.047","0.113","0.923","0.027",,"0.39","0.79","-0.063",,"-0.013","0.617","-0.213",,"-0.057","0.733","-0.12",,"0.06","0.7","0.017",,"0.02","0.703","-0.203",,"0.213","0.817","-0.263",,"1.767","0.6","-0.36",,"-0.097","0.68","-0.297",,"0.197","0.697","-0.29",,"0.197","0.577","-0.307",,"0.18","0.553","-0.28",,"0.227","0.617","-0.297",,"0.04","0.597","-0.133",,"-0.03","0.597","-0.07",,"-0.082","0.583","-0.087",,"-0.073","0.53","-0.093",,"-0.097","0.47","-0.08",,"-0.047","0.463","-0.097","-0.1","0.36","0.01"
BasicAverageShares,,"39,700,000","40,600,000","40,000,000","40,100,000","40,400,000","40,599,999","40,800,000","40,500,000","43,200,000","45,900,000","45,900,000","48,300,000","48,900,000","48,900,000","49,200,000","49,500,000","49,500,000","51,573,000","52,041,000","51,993,000","51,804,000","51,354,000","51,060,000","52,593,000","52,257,000","52,110,000","51,984,000","51,804,000","51,627,000","51,516,000","51,390,000","50,934,000","50,709,000",,"50,574,000","49,332,000","49,074,000",,"48,933,000","43,320,000","40,827,000",,"40,761,000","40,719,000","40,719,000",,"40,647,000","40,587,000","40,566,000",,"40,527,000","40,281,000","40,113,000",,"39,447,000","39,372,000","39,222,000",,"38,739,000","38,652,000","38,643,000",,"39,930,000","39,861,000","39,771,000",,"39,576,000","39,522,000","39,477,000",,"39,378,000","39,345,000","39,315,000",,"39,279,000","39,252,000","39,135,000",,"31,947,000","29,562,000","29,562,000",,"27,692,308","22,582,418","22,500,000",,"23,333,333","22,375,691","22,857,143",,"21,800,000","21,942,857","20,769,231",,"21,818,182","22,452,830","22,500,000",,"22,758,621","22,765,957","22,500,000",,"23,571,429","22,661,871","22,758,621","22,000,000","22,500,000","20,000,000"
DilutedAverageShares,,"39,700,000","41,000,000","40,700,000","40,700,000","40,600,000","41,000,000","41,100,000","40,800,000","43,500,000","46,500,000","46,500,000","48,900,000","50,400,000","50,400,000","50,700,000","51,000,000","51,000,000","51,957,000","53,307,000","53,205,000","51,804,000","51,354,000","51,909,000","53,640,000","52,257,000","52,110,000","53,865,000","53,763,000","53,484,000","52,770,000","52,725,000","52,506,000","52,299,000",,"50,922,000","50,805,000","49,074,000",,"50,304,000","44,685,000","40,827,000",,"40,761,000","42,093,000","40,719,000",,"42,075,000","41,994,000","42,030,000",,"42,114,000","41,709,000","40,113,000",,"40,968,000","40,869,000","39,222,000",,"40,533,000","40,371,000","38,643,000",,"39,930,000","40,419,000","39,771,000",,"40,188,000","40,140,000","39,477,000",,"40,053,000","40,014,000","39,315,000",,"39,669,000","39,651,000","39,135,000",,"32,121,000","29,718,000","29,562,000",,"30,000,000","22,960,894","22,500,000",,"23,333,333","22,625,698","22,857,143",,"21,800,000","21,942,857","20,769,231",,"21,818,182","22,452,830","22,500,000",,"22,758,621","22,765,957","22,500,000",,"23,571,429","22,661,871","22,758,621","22,000,000","22,500,000","20,000,000"
TotalOperatingIncomeAsReported,"176,100,000","-11,600,000","3,500,000","27,800,000","156,400,000","28,000,000","12,000,000","20,500,000","136,600,000","19,700,000","-34,300,000","33,000,000","129,500,000","17,500,000","43,700,000","26,800,000","117,400,000","6,300,000","12,369,000","9,482,000","105,889,000","-4,128,000","-13,703,000","8,373,000","94,157,000","1,566,000","-5,168,000","10,173,000","82,102,000","2,993,000","3,036,000",,,,,,,,,,,,,,,,,,,,,,,,,,,,,,,,,,,,,,,,,,,,,,,,,,,,,,,,,,,,,,,,,,,,,,,,,,,,,,
TotalExpenses,"1,121,500,000","246,700,000","276,800,000","277,600,000","320,400,000","233,900,000","205,600,000","195,400,000","240,700,000","168,200,000","-150,800,000","281,100,000","321,600,000","261,800,000","259,800,000","275,500,000","320,000,000","279,400,000","255,680,000","267,473,000","295,150,000","248,638,000","178,185,000","165,292,000","209,494,000","166,175,000","167,001,000","175,473,000","201,671,000","145,455,000","162,464,000","157,064,000","188,633,000","134,476,000","142,964,000","156,262,000","182,211,000","120,421,000","178,309,000","132,449,000","153,288,000","91,276,000","94,885,000","98,436,000","128,915,000","82,732,000","91,124,000","95,308,000","128,214,000","63,141,000","94,214,000","99,273,000","121,646,000","61,966,000","49,015,000","101,362,000","118,244,000","62,334,000","89,303,000","105,951,000","122,813,000","79,531,000","113,264,000","120,797,000","143,671,000","56,571,000","92,187,000","103,927,000","132,190,000","51,650,000","104,095,000","109,876,000","131,573,000","48,125,000","101,196,000","106,492,000","122,834,000","47,179,000","94,090,000","87,712,000","96,450,000","37,185,000","84,700,000","59,500,000","59,300,000","22,500,000","32,500,000","34,300,000","45,100,000","18,200,000","28,700,000","19,800,000","40,000,000","16,400,000","28,700,000","16,800,000","35,200,000","15,000,000","22,200,000","16,800,000","31,700,000","11,500,000",,,"22,900,000","6,100,000","7,100,000","21,300,000",
NetIncomeFromContinuingAndDiscontinuedOperation,"102,500,000","-23,400,000","4,000,000","14,800,000","107,100,000","11,600,000","11,400,000","56,300,000","103,100,000","182,000,000","38,200,000","16,700,000","78,300,000","7,300,000","26,800,000","8,700,000","69,800,000","2,800,000","7,508,000","4,203,000","55,044,000","-1,558,000","-13,807,000","3,531,000","57,333,000","-700,000","-5,705,000","9,249,000","50,298,000","1,058,000","2,374,000","5,973,000","48,576,000","1,353,000","7,613,000","19,780,000","40,147,000","-3,185,000","-1,895,000","-689,000","27,605,000","-8,668,000","-6,882,000","-2,325,000","30,861,000","-4,826,000","-4,073,000","2,468,000","29,412,000","742,000","-6,215,000","818,000","29,319,000","-8,191,000","-2,016,000","8,747,000","33,353,000","-10,273,000","-3,016,000","71,635,000","22,678,000","-13,897,000","-3,194,000","-3,840,000","27,428,000","-11,746,000","-274,000","7,883,000","28,025,000","-11,496,000","1,987,000","7,909,000","23,108,000","-12,035,000","4,050,000","7,091,000","21,895,000","-10,960,000","2,286,000","7,303,000","18,340,000","-8,765,000","3,200,000","1,200,000","13,700,000","-3,000,000","-800,000","-700,000","13,500,000","-1,600,000","0","-1,800,000","12,800,000","-1,800,000","-100,000","-1,600,000","11,900,000","-2,100,000","-500,000","-2,200,000","10,700,000","-1,800,000","-1,000,000","-1,100,000","10,500,000","-2,200,000","-2,200,000","8,100,000","200,000"
NormalizedIncome,"119,825,173.853","-10,737,426.901","4,719,000","15,789,655.172","108,742,341.729","14,163,586.957","8,322,000","19,566,265.06","104,793,529.412","15,282,035.928","44,520,000","17,120,000","78,797,933.227","7,423,728.814","8,645,161.29","9,360,000","70,488,609.865","4,420,000","16,766,499.089","6,591,500","59,964,000","-1,208,200","-11,000,263.801","3,531,000","57,333,000","-967,220","-5,482,000","9,158,000","50,298,000","770,250","-1,764,550","5,492,219.55","48,553,730.959","1,332,550","4,181,902.352","5,727,742.578","37,937,300","-3,465,785.165","-4,562,986.747","2,509,200","27,389,044.563","-8,600,100","-7,195,826.718","-1,425,300","30,614,843.298","-5,275,000","-3,794,469.008","2,162,648.283","29,131,350","-9,708,200","-4,274,300","822,400","28,778,613.946","-9,176,200","-380,000","1,551,600","27,453,800","-10,792,929.192","-4,322,400","3,291,800","22,507,600","-14,342,800","-5,314,400","-298,200","27,125,600","-11,947,600","-573,400","7,869,800","27,934,400","-11,737,200","4,901,200","8,260,600","23,361,881.177","-11,932,757.251","4,090,800","7,134,200","21,947,800","-11,038,600","2,077,800","7,361,200","18,615,400","-8,790,200","3,200,000","1,080,000","13,520,000","-3,120,000","-1,000,000","-827,272.727","13,377,828.054","-1,784,615.385","-180,000","-1,924,137.931","12,678,095.238","-1,920,000","-460,000","-1,792,000","11,839,593.909","-2,100,000","-560,000","-2,325,714.286","10,639,204.545","-1,862,068.966","-1,000,000","-1,100,000","10,439,306.358","-2,261,111.111","-2,380,000","7,797,761.194","200,000"
InterestIncome,,,,,,,,,,,,,,,,,"0",,"-190,000","8,000","6,000","218,000","5,000","6,000","5,000","4,000","7,000","6,000","89,000","10,000","6,000","31,000","35,000","18,000","228,000","116,000","56,000","68,000","27,000","30,000","17,000","111,000","116,000","393,000","264,000","123,000",,,,,,,,,,,,,,,,,,,,,,,,,,,,,,,,,,,,,,,,,,,,,,,,,,,,,,,,,,,,,,,
InterestExpense,"76,500,000","19,300,000","18,900,000","18,900,000","19,400,000","13,700,000","10,900,000","9,900,000","9,700,000","9,600,000","13,300,000","12,600,000","11,600,000","11,800,000","10,900,000","11,100,000","11,100,000","10,600,000","7,259,000","6,740,000","7,112,000","7,484,000","5,735,000","5,173,000","4,961,000","4,973,000","2,092,000","1,407,000","1,256,000","1,476,000","1,453,000","873,000","982,000","1,223,000","1,427,000","1,576,000","3,461,000","2,460,000","1,876,000","1,625,000","1,420,000","1,258,000","885,000","245,000","211,000","316,000",,,,,,,,,,,,,,,,,,,,,,,,,,,,,,,,,,,,,,,,,,,,,,,,,,,,,,,,,,,,,,,
NetInterestIncome,"-76,500,000","-19,300,000","-18,900,000","-18,900,000","-19,400,000","-13,700,000","-10,900,000","-9,900,000","-9,700,000","-9,600,000","-13,300,000","-12,600,000","-11,600,000","-11,800,000","-10,900,000","-11,100,000","-11,100,000","-10,600,000","-7,449,000","-6,732,000","-7,106,000","-7,266,000","-5,730,000","-5,167,000","-4,956,000","-4,969,000","-2,085,000","-1,401,000","-1,167,000","-1,466,000","-1,447,000","-842,000","-947,000","-1,205,000","-1,199,000","-1,460,000","-3,405,000","-2,392,000","-1,849,000","-1,595,000","-1,403,000","-1,147,000","-769,000","148,000","53,000","-193,000",,,,,,,,,,,,,,,,,,,,,,,,,,,,,,,,,,,,,,,,,,,,,,,,,,,,,,,,,,,,,,,
EBIT,"220,300,000","-14,900,000","26,800,000","42,100,000","166,300,000","32,100,000","17,400,000","84,600,000","145,700,000","26,300,000","-50,100,000","40,900,000","137,400,000","23,600,000","48,100,000","31,500,000","122,600,000","9,600,000","15,494,000","11,693,000","108,830,000","4,667,000","-13,086,000","9,550,000","97,061,000","3,835,000","-7,422,000","13,730,000","82,583,000","2,846,000","2,776,000","7,942,000","81,691,000","3,551,000","5,933,000","29,670,000","71,149,000","-2,744,000","-4,085,000","4,687,000","47,310,000","-15,378,000","-9,595,000","2,607,000","51,391,000","-8,230,000","-5,179,000","4,295,000","51,083,000","2,580,000","-5,159,000","4,632,000","48,287,000","-14,124,000","2,972,000","4,988,000","56,781,000","-17,306,000","-7,537,000","6,065,000","40,389,000","-23,279,000","2,802,000","-1,114,000","47,397,000","-18,842,000","236,000","13,598,000","48,306,000","-17,861,000","5,910,000","15,711,000","41,054,000","-17,153,000","9,623,000","14,755,000","40,423,000","-15,464,000","6,806,000","15,824,000","35,488,000","-11,540,000","8,800,000","3,600,000","24,800,000","-4,800,000","-1,300,000","-1,000,000","22,300,000","-2,800,000","-300,000","-3,000,000","20,800,000","-3,100,000","-900,000","-2,800,000","19,700,000","-3,400,000","-1,000,000","-3,600,000","17,600,000","-2,900,000","-44,700,000","11,800,000","17,100,000","-3,700,000","-4,000,000","13,100,000","8,800,000"
EBITDA,"323,700,000"
ReconciledCostOfRevenue,"1,000,300,000","222,600,000","244,200,000","243,200,000","290,300,000","209,000,000","178,300,000","173,700,000","217,600,000","149,800,000","-126,400,000","244,400,000","284,800,000","227,000,000","225,100,000","238,600,000","284,200,000","245,100,000","223,409,000","220,143,000","263,268,000","216,834,000","153,675,000","144,819,000","190,828,000","144,710,000","144,397,000","154,285,000","179,575,000","127,897,000","136,627,000","138,827,000","173,566,000","119,788,000","128,878,000","140,124,000","163,910,000","104,417,000","159,812,000","117,168,000","137,332,000","77,905,000","81,458,000","85,344,000","116,929,000","62,866,000","78,123,000","83,302,000","114,669,000","68,184,000","78,638,000","86,264,000","108,577,000","52,925,000","45,597,000","91,742,000","115,937,000","51,872,000","78,274,000","96,677,000","110,352,000","65,389,000","102,917,000","101,346,000","133,586,000","47,493,000","83,595,000","95,371,000","123,425,000","43,542,000","89,702,000","101,564,000","122,701,000","39,729,000","92,428,000","99,145,000","114,802,000","39,263,000","82,021,000","75,895,000","85,493,000","26,911,000","75,000,000","50,800,000","53,100,000","17,300,000","28,400,000","29,000,000","41,000,000","14,800,000","24,700,000","16,700,000","36,500,000","13,300,000","24,300,000","13,900,000","31,900,000","12,100,000","27,700,000","10,600,000","24,700,000","6,300,000",,,"17,400,000","900,000","1,900,000","15,800,000",
ReconciledDepreciation,"103,400,000","23,200,000","36,700,000","22,000,000","21,500,000","20,800,000","17,800,000","16,700,000","15,300,000","14,200,000","27,800,000","28,800,000","29,100,000","28,900,000","32,700,000","31,700,000","30,700,000","30,700,000","31,409,000","30,238,000","29,605,000","28,132,000","19,933,000","17,280,000","15,760,000","15,284,000","15,928,000","15,796,000","14,991,000","15,035,000","14,785,000","13,370,000","13,638,000","13,807,000","13,851,000","13,441,000","13,892,000","13,986,000","12,114,000","12,395,000","11,990,000","10,025,000","7,857,000","7,523,000","7,459,000","7,417,000","7,401,000","7,171,000","7,120,000","7,155,000","6,525,000","6,140,000","5,643,000","4,976,000","5,249,000","5,097,000","5,275,000","5,298,000","5,682,000","4,912,000","7,775,000","6,196,000","5,804,000","5,426,000","5,457,000","5,362,000","5,168,000","5,144,000","5,109,000","5,062,000","5,014,000","4,952,000","4,694,000","4,967,000","5,297,000","5,206,000","5,023,000","5,077,000","4,631,000","4,387,000","4,175,000","4,093,000","3,600,000","3,200,000","2,600,000","1,900,000","1,700,000","1,500,000","1,300,000","1,200,000","1,300,000","1,100,000","1,100,000","1,100,000","1,400,000","1,100,000","1,200,000","1,100,000","1,000,000","1,300,000","1,100,000","1,100,000",,,"700,000","900,000","600,000","700,000",
NetIncomeFromContinuingOperationNetMinorityInterest,"105,500,000","-22,500,000","4,500,000","15,200,000","108,300,000","11,900,000","7,300,000","58,000,000","103,200,000","14,100,000","20,100,000","16,700,000","78,300,000","7,300,000","26,800,000","8,700,000","69,800,000","2,800,000","7,508,000","4,203,000","55,044,000","-1,558,000","-13,807,000","3,531,000","57,333,000","-700,000","-5,482,000","9,158,000","50,298,000","1,059,000","2,374,000","5,973,000","48,576,000","1,354,000","4,271,000","19,720,000","39,990,000","-3,186,000","-4,268,000","3,700,000","27,605,000","-8,409,000","-6,892,000","-1,216,000","30,856,000","-5,067,000","-3,466,000","2,348,000","29,431,000","835,000","-5,131,000","1,137,000","29,462,000","-8,430,000","3,331,000","2,718,000","33,353,000","-10,273,000","-3,852,000","3,842,000","22,678,000","-13,897,000","-3,194,000","-3,840,000","27,428,000","-11,746,000","-274,000","7,883,000","28,025,000","-11,496,000","1,987,000","7,909,000","23,108,000","-12,035,000","4,050,000","7,091,000","21,895,000","-10,960,000","2,286,000","7,303,000","18,340,000","-8,765,000","3,200,000","1,200,000","13,700,000","-3,000,000","-800,000","-700,000","13,500,000","-1,600,000","0","-1,800,000","12,800,000","-1,800,000","-100,000","-1,600,000","11,900,000","-2,100,000","-500,000","-2,200,000","10,700,000","-1,800,000","-1,000,000","-1,100,000","10,500,000","-2,200,000","-2,200,000","8,100,000","200,000"
TotalUnusualItemsExcludingGoodwill,"-19,600,000","-17,800,000","-300,000","-900,000","-600,000","-3,500,000","-1,400,000","49,500,000","-2,100,000","-1,400,000","-40,700,000","-700,000","-800,000","-200,000","25,200,000","-1,100,000","-1,100,000","-2,700,000","-10,155,000","-2,810,000","-8,200,000","-583,000","-3,826,000","0","0","431,000","0","0","0","375,000","6,367,000","569,000","37,000","33,000","94,000","19,934,000","3,158,000","457,000","412,000","1,832,000","359,000","294,000","462,000","322,000","400,000","320,000","529,000","292,000","461,000","17,572,000","-1,318,000","484,000","1,136,000","1,148,000","6,185,000","1,944,000","9,832,000","857,000","784,000","917,000","284,000","743,000","3,534,000","-5,903,000","504,000","336,000","499,000","22,000","151,000","402,000","-4,857,000","-586,000","-422,000","-169,000","-68,000","-72,000","-88,000","131,000","347,000","-97,000","-459,000","42,000","0","200,000","300,000","200,000","300,000","200,000","200,000","300,000","300,000","200,000","200,000","200,000","600,000","300,000","100,000",,"100,000","200,000","100,000","100,000",,,"100,000","100,000","300,000","500,000",
TotalUnusualItems,"-19,600,000","-17,800,000","-300,000","-900,000","-600,000","-3,500,000","-1,400,000","49,500,000","-2,100,000","-1,400,000","-40,700,000","-700,000","-800,000","-200,000","25,200,000","-1,100,000","-1,100,000","-2,700,000","-10,155,000","-2,810,000","-8,200,000","-583,000","-3,826,000","0","0","431,000","0","0","0","375,000","6,367,000","569,000","37,000","33,000","94,000","19,934,000","3,158,000","457,000","412,000","1,832,000","359,000","294,000","462,000","322,000","400,000","320,000","529,000","292,000","461,000","17,572,000","-1,318,000","484,000","1,136,000","1,148,000","6,185,000","1,944,000","9,832,000","857,000","784,000","917,000","284,000","743,000","3,534,000","-5,903,000","504,000","336,000","499,000","22,000","151,000","402,000","-4,857,000","-586,000","-422,000","-169,000","-68,000","-72,000","-88,000","131,000","347,000","-97,000","-459,000","42,000","0","200,000","300,000","200,000","300,000","200,000","200,000","300,000","300,000","200,000","200,000","200,000","600,000","300,000","100,000",,"100,000","200,000","100,000","100,000",,,"100,000","100,000","300,000","500,000",
NormalizedEBITDA,"343,300,000","26,100,000","63,800,000","65,000,000","188,400,000","56,400,000","36,600,000","51,800,000","163,100,000","41,900,000","18,400,000","70,400,000","167,300,000","52,700,000","55,600,000","64,300,000","154,400,000","43,000,000","57,058,000","44,741,000","146,635,000","33,382,000","10,673,000","26,830,000","112,821,000","18,688,000","8,506,000","29,526,000","97,574,000","17,506,000","11,194,000","20,743,000","95,292,000","17,325,000","19,690,000","23,177,000","81,883,000","10,785,000","7,617,000","15,250,000","58,941,000","-5,647,000","-2,200,000","9,808,000","58,450,000","-1,133,000","1,693,000","11,174,000","57,742,000","-7,837,000","2,684,000","10,288,000","52,794,000","-10,296,000","2,036,000","8,141,000","52,224,000","-12,865,000","-2,639,000","10,060,000","47,880,000","-17,826,000","5,072,000","10,215,000","52,350,000","-13,816,000","4,905,000","18,720,000","53,264,000","-13,201,000","15,781,000","21,249,000","46,170,000","-12,017,000","14,988,000","20,033,000","45,534,000","-10,518,000","11,090,000","20,308,000","40,122,000","-7,489,000","12,400,000","6,600,000","27,100,000","-3,100,000","100,000","300,000","23,500,000","-1,900,000","700,000","-2,100,000","21,700,000","-2,200,000","-100,000","-2,000,000","20,800,000","-2,300,000","-100,000","-2,500,000","18,600,000","-1,900,000","-44,700,000","11,800,000","17,800,000","-2,900,000","-3,600,000","13,300,000","8,800,000"
TaxRateForCalcs,"0.269","0.339","0.27","0.345","0.263","0.353","0.27","0.224","0.241","0.156","0.4","0.4","0.378","0.381","0.28","0.4","0.374","0.4","0.088","0.15","0.4","0.4","0.266","0.19","0.38","0.38","0.35","0.26","0.38","0.23","0.35","0.155","0.398","0.35","0.052","0.298","0.35","0.388","0.284","0.35","0.398","0.35","0.342","0.35","0.397","0.35","0.379","0.365","0.35","0.4","0.35","0.35","0.398","0.35","0.4","0.4","0.4","0.393","0.4","0.4","0.4","0.4","0.4","0.4","0.4","0.4","0.4","0.4","0.4","0.4","0.4","0.4","0.398","0.395","0.4","0.4","0.4","0.4","0.4","0.4","0.4","0.4","0.4","0.4","0.4","0.4","0.333","0.364","0.389","0.385","0.4","0.379","0.39","0.4","0.4","0.36","0.396","0.4","0.4","0.371","0.392","0.379","0.4","0.4","0.393","0.389","0.4","0.396","0.4"
TaxEffectOfUnusualItems,"-5,274,826.147","-6,037,426.901","-81,000","-310,344.828","-157,658.271","-1,236,413.043","-378,000","11,066,265.06","-506,470.588","-217,964.072","-16,280,000","-280,000","-302,066.773","-76,271.186","7,045,161.29","-440,000","-411,390.135","-1,080,000","-896,500.911","-421,500","-3,280,000","-233,200","-1,019,263.801","0","0","163,780","0","0","0","86,250","2,228,450","88,219.55","14,730.959","11,550","4,902.352","5,941,742.578","1,105,300","177,214.835","117,013.253","641,200","143,044.563","102,900","158,173.282","112,700","158,843.298","112,000","200,530.992","106,648.283","161,350","7,028,800","-461,300","169,400","452,613.946","401,800","2,474,000","777,600","3,932,800","337,070.808","313,600","366,800","113,600","297,200","1,413,600","-2,361,200","201,600","134,400","199,600","8,800","60,400","160,800","-1,942,800","-234,400","-168,118.823","-66,757.251","-27,200","-28,800","-35,200","52,400","138,800","-38,800","-183,600","16,800","0","80,000","120,000","80,000","100,000","72,727.273","77,828.054","115,384.615","120,000","75,862.069","78,095.238","80,000","240,000","108,000","39,593.909","0","40,000","74,285.714","39,204.545","37,931.034","0","0","39,306.358","38,888.889","120,000","197,761.194","0"