name,ttm,12/31/2019,09/30/2019,06/30/2019,03/31/2019,12/31/2018,09/30/2018,06/30/2018,03/31/2018,12/31/2017,09/30/2017,06/30/2017,03/31/2017,12/31/2016,09/30/2016,06/30/2016,03/31/2016,12/31/2015,09/30/2015,06/30/2015,03/31/2015,12/31/2014,09/30/2014,06/30/2014,03/31/2014,12/31/2013,09/30/2013,06/30/2013,03/31/2013,12/31/2012,09/30/2012,06/30/2012,03/31/2012,12/31/2011,09/30/2011,06/30/2011,03/31/2011,12/31/2010,09/30/2010,06/30/2010,03/31/2010,12/31/2009,09/30/2009,06/30/2009,03/31/2009,12/31/2008,09/30/2008,06/30/2008,03/31/2008,12/31/2007,09/30/2007,06/30/2007,03/31/2007,12/31/2006,09/30/2006,06/30/2006,03/31/2006,12/31/2005,09/30/2005,06/30/2005,03/31/2005,12/31/2004,09/30/2004,06/30/2004,03/31/2004,12/31/2003,09/30/2003,06/30/2003,03/31/2003,12/31/2002,09/30/2002,06/30/2002,03/31/2002,12/31/2001,09/30/2001,06/30/2001,03/31/2001,12/31/2000,09/30/2000,06/30/2000,03/31/2000,12/31/1999,09/30/1999,06/30/1999,03/31/1999,12/31/1998,09/30/1998,06/30/1998,03/31/1998,12/31/1997,09/30/1997,06/30/1997,03/31/1997,12/31/1996,09/30/1996,06/30/1996,03/31/1996,12/31/1995,09/30/1995,06/30/1995,03/31/1995,12/31/1994,09/30/1994,06/30/1994,03/31/1994,12/31/1993,09/30/1993,06/30/1993,03/31/1993
TotalRevenue,"24,394,000,000","6,335,000,000","6,587,000,000","5,931,000,000","5,541,000,000","3,831,000,000","6,327,000,000","6,389,000,000","5,735,000,000","5,323,000,000","4,547,000,000","3,927,000,000","3,872,000,000","3,672,000,000","2,477,000,000","2,686,000,000","2,263,000,000","2,963,000,000","3,316,000,000","3,662,000,000","3,226,000,000","4,850,000,000","5,370,000,000","6,113,000,000","4,968,000,000","4,330,000,000","5,284,000,000","4,230,000,000","4,101,000,000","4,059,000,000","3,978,000,000","4,187,000,000","3,971,000,000","4,788,000,000","3,690,000,000","3,727,000,000","3,302,000,000","3,787,000,000","3,341,000,000","3,614,000,000","3,580,000,000","3,319,000,000","2,823,000,000","2,750,000,000","2,186,000,000","2,510,987,607","4,582,712,370","5,111,947,893","3,966,670,096","3,200,311,965","3,072,642,353","3,151,965,994","3,118,081,181","3,694,675,365","2,859,058,902","2,717,233,687","2,371,555,348","3,031,495,573","2,917,537,747","2,163,986,744","1,992,744,861","1,969,722,024","2,075,091,344","1,865,243,496","1,638,247,639","1,559,438,332","1,370,880,605","1,412,940,700","1,627,736,154","1,330,086,785","1,173,015,873","862,251,856","718,610,580","660,541,776","806,375,256","974,281,392","1,120,920,700","1,030,189,363","1,003,907,424","636,377,090","549,514,282","454,160,128","399,119,589","231,739,513","202,264,151","244,197,119","223,412,395","207,261,502","202,836,879","246,717,549","222,344,980","205,659,075","246,469,122","225,800,000","199,800,000","110,000,000","101,200,000","78,100,000","69,700,000","67,800,000","65,500,000","68,300,000","66,100,000","61,500,000","63,100,000","57,800,000","35,500,000","33,500,000","31,100,000"
	OperatingRevenue,"24,394,000,000","6,335,000,000","6,587,000,000","5,931,000,000","5,541,000,000","3,831,000,000","6,327,000,000","6,389,000,000","5,735,000,000","5,323,000,000","4,547,000,000","3,927,000,000","3,872,000,000","3,672,000,000","2,477,000,000","2,686,000,000","2,263,000,000","2,963,000,000","3,316,000,000","3,662,000,000","3,226,000,000","4,850,000,000","5,370,000,000","6,113,000,000","4,968,000,000","4,330,000,000","5,284,000,000","4,230,000,000","4,101,000,000","4,059,000,000","3,978,000,000","4,187,000,000","3,971,000,000","4,788,000,000","3,690,000,000","3,727,000,000","3,302,000,000","3,787,000,000","3,341,000,000","3,614,000,000","3,580,000,000","3,319,000,000","2,823,000,000","2,962,000,000","2,385,000,000","2,510,987,607","4,582,712,370","5,111,947,893","3,966,670,096","3,200,311,965","3,072,642,353","3,151,965,994","3,118,081,181","3,694,675,365","2,859,058,902","2,717,233,687","2,371,555,348","3,031,495,573","2,917,537,747","2,163,986,744","1,992,744,861","1,969,722,024","2,075,091,344","1,865,243,496","1,638,247,639","1,559,438,332","1,370,880,605","1,412,940,700","1,627,736,154","1,330,086,785","1,173,015,873","862,251,856","718,610,580","660,541,776","806,375,256","974,281,392","1,120,920,700","1,030,189,363","1,003,907,424","636,377,090","549,514,282","454,160,128","399,119,589","231,739,513","202,264,151","244,197,119","223,412,395","207,261,502","202,836,879","246,717,549","222,344,980","205,659,075","246,469,122","225,800,000","199,800,000","110,000,000","101,200,000","78,100,000","69,700,000","67,800,000","65,500,000","68,300,000","66,100,000","61,500,000","63,100,000","57,800,000","35,500,000","33,500,000","31,100,000"
	ExciseTaxes,,,,,,,,,,,,,,,,,,,,,,,,,,,,,,,,,,,,,,,,,,,,"212,000,000","199,000,000",,,,,,,,,,,,,,,,,,,,,,,,,,,,,,,,,,,,,,,,,,,,,,,,,,,,,,,,,,,,,,,,
CostOfRevenue,"18,045,000,000","5,048,000,000","4,667,000,000","4,205,000,000","4,125,000,000","3,948,000,000","4,350,000,000","4,471,000,000","4,300,000,000","4,351,000,000","3,812,000,000","3,281,000,000","3,273,000,000","3,113,000,000","2,796,000,000","2,790,000,000","2,836,000,000","3,336,000,000","3,284,000,000","3,337,000,000","3,435,000,000","4,030,000,000","3,898,000,000","4,262,000,000","3,625,000,000","3,498,000,000","3,713,000,000","3,452,000,000","3,478,000,000","6,497,000,000","2,119,000,000","2,120,000,000","2,199,000,000","2,186,000,000","1,818,000,000","1,892,000,000","1,817,000,000","1,765,000,000","1,530,000,000","1,695,000,000","1,661,000,000","1,455,000,000","1,294,000,000","1,082,000,000","899,000,000","1,172,595,468","1,723,440,494","1,986,566,253","1,521,448,411","-268,453,939","1,244,161,781","1,299,681,190","1,299,584,871","2,037,896,671","935,509,109","846,625,767","816,207,380","910,138,378","919,860,627","753,651,651","714,631,197","703,468,480","714,375,709","651,100,734","591,552,991","721,070,138","498,379,254","534,918,276","589,099,456","493,196,637","436,507,937","324,291,559","282,026,769","268,603,855","282,468,045","349,470,499","411,477,219","370,521,478","168,319,808","97,676,484","163,839,350","149,279,232","73,367,572","46,934,585","75,471,698","86,416,083","52,027,544","51,447,891","86,524,823","96,384,470","52,478,939","49,689,441","91,387,427","43,500,000","42,900,000","22,600,000","20,900,000","17,900,000","16,700,000","15,200,000","14,000,000","14,700,000","13,800,000","12,000,000","10,700,000",,,,
GrossProfit,"6,349,000,000","1,287,000,000","1,920,000,000","1,726,000,000","1,416,000,000","-117,000,000","1,977,000,000","1,918,000,000","1,435,000,000","972,000,000","735,000,000","646,000,000","599,000,000","559,000,000","-319,000,000","-104,000,000","-573,000,000","-373,000,000","32,000,000","325,000,000","-209,000,000","820,000,000","1,472,000,000","1,851,000,000","1,343,000,000","832,000,000","1,571,000,000","778,000,000","623,000,000","-2,438,000,000","1,859,000,000","2,067,000,000","1,772,000,000","2,602,000,000","1,872,000,000","1,835,000,000","1,485,000,000","2,022,000,000","1,811,000,000","1,919,000,000","1,919,000,000","1,864,000,000","1,529,000,000","1,668,000,000","1,287,000,000","1,338,392,139","2,859,271,876","3,125,381,640","2,445,221,685","3,468,765,904","1,828,480,572","1,852,284,804","1,818,496,310","1,656,778,694","1,923,549,793","1,870,607,920","1,555,347,968","2,121,357,195","1,997,677,120","1,410,335,093","1,278,113,664","1,266,253,544","1,360,715,635","1,214,142,762","1,046,694,648","838,368,194","872,501,351","878,022,424","1,038,636,698","836,890,148","736,507,936","537,960,297","436,583,811","391,937,921","523,907,211","624,810,893","709,443,481","659,667,885","835,587,616","538,700,606","385,674,932","304,880,896","325,752,017","184,804,928","126,792,453","157,781,036","171,384,851","155,813,611","116,312,056","150,333,079","169,866,041","155,969,634","155,081,695","182,300,000","156,900,000","87,400,000","80,300,000","60,200,000","53,000,000","52,600,000","51,500,000","53,600,000","52,300,000","49,500,000","52,400,000",,,,
OperatingExpense,"757,000,000","306,000,000","152,000,000","123,000,000","176,000,000","-11,000,000","39,000,000","298,000,000","39,000,000","226,000,000","231,000,000","10,000,000","150,000,000","163,000,000","192,000,000","248,000,000","239,000,000","192,000,000","50,000,000","64,000,000","211,000,000","5,000,000","14,000,000","329,000,000","278,000,000","204,000,000","171,000,000","74,000,000","192,000,000","-3,054,000,000","1,207,000,000","1,084,000,000","970,000,000","1,285,000,000","736,000,000","782,000,000","1,064,000,000","2,355,000,000","870,000,000","821,000,000","494,000,000","1,074,000,000","533,000,000","1,213,000,000","642,000,000","582,508,619","749,414,520","1,235,497,659","1,304,392,552","3,909,434,126","886,415,582","943,676,940","1,305,350,553","998,843,402","572,258,858","1,020,635,805","755,488,090","762,357,642","803,716,609","780,655,456","735,187,424","577,482,641","666,498,677","553,702,468","512,854,145","518,181,175","483,522,420","536,269,080","420,155,722","424,178,246","434,920,635","316,714,654","262,906,310","265,992,639","266,687,707","243,570,348","233,328,078","262,984,824","192,365,494","136,155,098","130,491,518","116,086,137","114,453,412","86,535,641","86,037,736","88,123,962","85,692,425","86,726,444","83,687,943","83,442,125","75,956,360","71,773,637","70,617,557","63,500,000","62,800,000","33,000,000","30,900,000","25,200,000","21,500,000","20,900,000","19,100,000","18,200,000","14,700,000","13,700,000","13,500,000",,,,
	SellingGeneralAndAdministration,"567,000,000","256,000,000","102,000,000","77,000,000","132,000,000","-57,000,000","8,000,000","251,000,000","7,000,000","181,000,000","187,000,000","29,000,000","114,000,000","128,000,000","156,000,000","213,000,000","203,000,000","149,000,000","6,000,000","21,000,000","168,000,000","-44,000,000","35,000,000","279,000,000","233,000,000","158,000,000","130,000,000","32,000,000","150,000,000","23,000,000","113,000,000","38,000,000","42,000,000","12,000,000","184,000,000","119,000,000","182,000,000","299,000,000","83,000,000","171,000,000","117,000,000","322,000,000","284,000,000","795,000,000","127,000,000","-105,589,599","45,773,898","503,765,520","566,814,114","3,157,985,119","131,173,606","194,473,964","532,749,077","233,136,142","93,886,219","387,060,792","173,984,120","161,396,019","236,933,798","256,536,148","218,863,362","60,649,501","151,190,626","78,719,146","83,945,435","87,368,130","54,024,851","128,326,354","17,628,911","16,934,215","17,460,317","12,123,049","14,340,344","12,955,854","9,468,203","7,564,297","7,882,705","10,463,191","6,011,422","5,919,787","4,349,717","4,154,948","4,402,054","4,400,117","4,528,302","4,803,854","4,590,666","5,879,759","4,255,319","3,199,160","2,762,049","4,140,787","2,769,316","3,100,000","2,400,000","1,000,000","1,300,000","1,500,000","700,000","1,000,000","1,100,000","800,000","900,000","400,000","800,000",,,,
		GeneralAndAdministrativeExpense,"567,000,000","256,000,000","102,000,000","77,000,000","132,000,000","-57,000,000","8,000,000","251,000,000","7,000,000","181,000,000","187,000,000","29,000,000","114,000,000","128,000,000","156,000,000","213,000,000","203,000,000","149,000,000","6,000,000","21,000,000","168,000,000","-44,000,000","35,000,000","279,000,000","233,000,000","158,000,000","130,000,000","32,000,000","150,000,000","23,000,000","113,000,000","38,000,000","42,000,000","12,000,000","184,000,000","119,000,000","182,000,000","299,000,000","83,000,000","171,000,000","117,000,000","322,000,000","284,000,000","795,000,000","127,000,000",,,,,,,,,,,,,,,,,,,,,,,,,,,,,,,,,,,,,,,,,,,,,,,,,,,,,,,,,,,,,,,,
			SalariesAndWages,"223,000,000","161,000,000","7,000,000","7,000,000","62,000,000","144,000,000","85,000,000","175,000,000","88,000,000","97,000,000","114,000,000","104,000,000","27,000,000","42,000,000","74,000,000","122,000,000","117,000,000","-56,000,000","87,000,000","79,000,000","64,000,000","-144,000,000","122,000,000","189,000,000","143,000,000","65,000,000","48,000,000","49,000,000","71,000,000","41,000,000","49,000,000","115,000,000","107,000,000","-207,000,000","249,000,000","188,000,000","128,000,000","252,000,000","18,000,000","58,000,000","2,000,000","87,000,000","172,000,000","92,000,000","4,000,000",,,,,,,,,,,,,,,,,,,,,,,,,,,,,,,,,,,,,,,,,,,,,,,,,,,,,,,,,,,,,,,,
			InsuranceAndClaims,,,,,,,,,,,,,,,,,,,,,,,,,,,,,,"0",,,,,,,,,,,,,,,,,,,,,,,,,,,,,,,,,,,,,,,,,,,,,,,,,,,,,,,,,,,,,,,,,,,,,,,,,,,,,,,
			OtherGandA,"344,000,000","95,000,000","95,000,000","84,000,000","70,000,000","91,000,000","77,000,000","76,000,000","81,000,000","84,000,000","73,000,000","75,000,000","87,000,000","86,000,000","82,000,000","91,000,000","86,000,000","93,000,000","93,000,000","100,000,000","104,000,000","100,000,000","87,000,000","90,000,000","90,000,000","93,000,000","82,000,000","81,000,000","79,000,000","64,000,000","64,000,000","77,000,000","65,000,000","47,000,000","65,000,000","69,000,000","54,000,000","47,000,000","65,000,000","113,000,000","115,000,000","235,000,000","112,000,000","703,000,000","131,000,000",,,,,,,,,,,,,,,,,,,,,,,,,,,,,,,,,,,,,,,,,,,,,,,,,,,,,,,,,,,,,,,,
	DepreciationAmortizationDepletionIncomeStatement,,,,,,,,,,,,,,,,,,,,,,,,,,,,,,,"1,056,000,000","1,084,000,000","975,000,000","998,000,000","887,000,000","870,000,000","849,000,000","1,578,000,000","851,000,000","836,000,000","771,000,000","836,000,000","673,000,000","664,000,000","646,000,000","666,096,378","658,931,233","669,651,944","688,200,802","718,753,904","715,492,398","720,510,096","709,178,967","724,013,558","589,024,254","556,609,035","520,784,680","549,610,136","505,226,481","483,613,600","474,002,418","501,177,091","453,571,879","425,617,078","389,559,286","404,932,895","401,134,522","383,628,259","374,614,368","385,561,401","403,174,603","290,953,175","234,225,621","242,974,496","236,705,065","216,338,880","208,103,421","203,031,531","186,354,073","130,235,312","126,141,801","111,931,189","110,051,357","82,135,524","81,509,434","83,320,108","81,101,760","80,846,685","79,432,624","80,242,965","73,194,310","67,632,850","67,848,241","60,400,000","60,400,000","32,000,000","29,600,000","23,700,000","20,800,000","19,900,000","18,000,000","17,400,000","13,800,000","13,300,000","12,700,000",,,,
		DepreciationAndAmortizationInIncomeStatement,,,,,,,,,,,,,,,,,,,,,,,,,,,,,,,,,,,,,,,,,,,,,,"666,096,378","658,931,233","669,651,944","688,200,802","718,753,904","715,492,398","720,510,096","709,178,967","724,013,558","589,024,254","556,609,035","520,784,680","549,610,136","505,226,481","483,613,600","474,002,418","501,177,091","453,571,879","425,617,078","389,559,286","404,932,895","401,134,522","383,628,259","374,614,368","385,561,401","403,174,603","290,953,175","234,225,621","242,974,496","236,705,065","216,338,880","208,103,421","203,031,531","186,354,073","130,235,312","126,141,801","111,931,189","110,051,357","82,135,524","81,509,434","83,320,108","81,101,760","80,846,685","79,432,624","80,242,965","73,194,310","67,632,850","67,848,241","60,400,000","60,400,000","32,000,000","29,600,000","23,700,000","20,800,000","19,900,000","18,000,000","17,400,000","13,800,000","13,300,000","12,700,000",,,,
	OtherTaxes,,,,,,,,,,,,,,,,,,,,,,,,,,,,,,,,,,,,,,,,,,,,,,"22,001,840","44,709,389","62,080,195","49,377,636","32,695,103","39,749,578","28,692,880","63,422,509","41,693,702","77,120,823","76,965,979","60,719,290","51,351,486","61,556,330","40,505,708","42,321,644","15,656,049","61,736,172","49,366,244","39,349,423","25,880,152","28,363,047","24,314,467","27,912,443","21,682,630","14,285,714","13,638,430","14,340,344","10,062,289","20,514,439","19,667,171","17,341,952",,,,,,,,,,,,,,,,,,,,,,,,,,,,,,,,
	OtherOperatingExpenses,"190,000,000","50,000,000","50,000,000","46,000,000","44,000,000","46,000,000","47,000,000","47,000,000","46,000,000","45,000,000","44,000,000","39,000,000","36,000,000","35,000,000","36,000,000","35,000,000","36,000,000","43,000,000","44,000,000","43,000,000","43,000,000","49,000,000","49,000,000","50,000,000","45,000,000","46,000,000","41,000,000","42,000,000","42,000,000","38,000,000","38,000,000","38,000,000","37,000,000","33,000,000","33,000,000","31,000,000","33,000,000",,"-64,000,000","156,000,000","-160,000,000","-84,000,000","-424,000,000","-246,000,000","123,000,000",,,,,,,,,,,"-1",,,,,,"0",,,"1","-2",,,,,"1",,"1",,,,,,"-1","-1",,,"1",,,,"-1",,,,"1",,,,,,,,,,,,,,,,,,
OperatingIncome,"5,592,000,000","981,000,000","1,768,000,000","1,603,000,000","1,240,000,000","-106,000,000","1,938,000,000","1,620,000,000","1,396,000,000","746,000,000","504,000,000","636,000,000","449,000,000","396,000,000","-511,000,000","-352,000,000","-812,000,000","-565,000,000","-18,000,000","261,000,000","-420,000,000","815,000,000","1,458,000,000","1,522,000,000","1,065,000,000","628,000,000","1,400,000,000","704,000,000","431,000,000","616,000,000","652,000,000","983,000,000","802,000,000","1,317,000,000","1,136,000,000","1,053,000,000","421,000,000","-333,000,000","941,000,000","1,098,000,000","1,425,000,000","790,000,000","996,000,000","455,000,000","645,000,000","755,883,520","2,109,857,356","1,889,883,981","1,140,829,133","-440,668,222","942,064,990","908,607,864","513,145,757","657,935,292","1,351,290,935","849,972,115","799,859,878","1,358,999,553","1,193,960,511","629,679,637","542,926,240","688,770,903","694,216,958","660,440,294","533,840,503","320,187,019","388,978,931","341,753,344","618,480,976","412,711,902","301,587,301","221,245,643","173,677,501","125,945,282","257,219,504","381,240,545","476,115,403","396,683,061","643,222,122","402,545,508","255,183,414","188,794,759","211,298,605","98,269,287","40,754,717","69,657,074","85,692,426","69,087,167","32,624,113","66,890,954","93,909,681","84,195,997","84,464,138","118,800,000","94,100,000","54,400,000","49,400,000","35,000,000","31,500,000","31,700,000","32,400,000","35,400,000","37,600,000","35,800,000","38,900,000","-11,100,000","35,500,000","33,500,000","31,100,000"
NetNonOperatingInterestIncomeExpense,"-836,000,000","-217,000,000","-231,000,000","-197,000,000","-191,000,000","-179,000,000","-180,000,000","-190,000,000","-190,000,000","-169,000,000","-183,000,000","-145,000,000","-134,000,000","-115,000,000","-90,000,000","-86,000,000","-92,000,000","-73,000,000","-78,000,000","-85,000,000","-86,000,000","-84,000,000","-79,000,000","-92,000,000","-68,000,000","-60,000,000","-70,000,000","-72,000,000","-77,000,000","-83,000,000","-92,000,000","-93,000,000","-96,000,000","-83,000,000","-97,000,000","-99,000,000","-94,000,000","-120,000,000","-109,000,000","-109,000,000","-111,000,000","-111,000,000","-118,000,000","-124,000,000","-57,000,000",,,,,,,,,,,,,,,,,,,,,,,,,,,,,,,,,,,,,,,,,,,,,,,,,,,,,,,,,,,,,,,,
	InterestIncomeNonOperating,"76,000,000"
	InterestExpenseNonOperating,"912,000,000","293,000,000","231,000,000","197,000,000","191,000,000","238,000,000","180,000,000","190,000,000","190,000,000","266,000,000","183,000,000","145,000,000","134,000,000","163,000,000","90,000,000","86,000,000","92,000,000","125,000,000","78,000,000","85,000,000","86,000,000","99,000,000","79,000,000","92,000,000","68,000,000","63,000,000","70,000,000","72,000,000","77,000,000","85,000,000","92,000,000","93,000,000","96,000,000","83,000,000","97,000,000","99,000,000","94,000,000","120,000,000","109,000,000","109,000,000","111,000,000","111,000,000","118,000,000","124,000,000","57,000,000",,,,,,,,,,,,,,,,,,,,,,,,,,,,,,,,,,,,,,,,,,,,,,,,,,,,,,,,,,,,,,,,
OtherIncomeExpense,"200,000,000","58,000,000","-173,000,000","144,000,000","171,000,000","-614,000,000","387,000,000","-28,000,000","-332,000,000","25,000,000","461,000,000","664,000,000","19,000,000","190,000,000","12,000,000","-39,000,000","436,000,000","588,000,000","-2,000,000","-56,000,000","-133,000,000","747,000,000","-43,000,000","14,000,000","-92,000,000","-49,000,000","208,000,000","20,000,000","-27,000,000","-61,000,000","-57,000,000","100,000,000","-137,000,000","138,000,000","82,000,000","226,000,000","-90,000,000","276,000,000","-28,000,000","-26,000,000","-65,000,000","-23,000,000","-24,000,000","-24,000,000","-19,000,000","1,911,682,852","1,913,987,652","-2,372,277,631","-149,161,609","549,340,130","84,467,852","190,223,167","-10,378,229","-3,605,810","304,012,518","14,500,836","-435,544,138","276,245,151","-900,116,144","-241,806,800","-1,090,689,238","189,775,318","-196,547,814","-202,801,868","-183,630,640","86,181,399","8,103,728","98,608,672","117,526,076","-1,857,098","-39,682,540","63,646,007","9,560,229","-49,457,870","-11,046,236","1,512,859","-1,576,541","-1,496,545","-144,274,121","-94,716,590",,"20,592","-61,628,760","-32,267,527","-1,509,434","-17,766","-18,362,663","-36,748,493","1,418,440","-4,434,481","-35,906,643","-30,365,769","-4,153,974","-38,800,000","-34,000,000","-16,000,000","-15,700,000","-11,500,000","-6,100,000","-8,900,000","-9,100,000","-8,500,000","-9,200,000","-8,800,000","-11,300,000",,,,
	GainOnSaleOfSecurity,"200,000,000","58,000,000","-173,000,000","144,000,000","171,000,000","-655,000,000","115,000,000","-167,000,000","-332,000,000","25,000,000","347,000,000","399,000,000","19,000,000","-28,000,000","12,000,000","-39,000,000","404,000,000","-134,000,000","-31,000,000","-59,000,000","-118,000,000","615,000,000","-38,000,000","14,000,000","-91,000,000","-48,000,000","-80,000,000","20,000,000","-25,000,000","-178,000,000","115,000,000","-62,000,000","54,000,000","106,000,000","-211,000,000","37,000,000","67,000,000",,,,,,,,,,,,,,,,,,,,,,,,,,,,,,,,,,,,,,,,,,,,,,,,,,,,,,,,,,,,,,,,,,,,,,,,
	EarningsFromEquityInterest,,,,,,,,,,,,,,,,,,,"-20,000,000","3,000,000","-15,000,000","-5,000,000","-5,000,000",,"-1,000,000","-1,000,000","-1,000,000","0","-2,000,000","-3,000,000","-1,000,000","-5,000,000",,,,,,,,,,,,,,,,,,,,,,,,,,,,,,,,,,,,,,,,,,,,,,,,,,,,,,,,,,,,,,,,,,,,,,,,,,,,,
	SpecialIncomeCharges,"0","0","0","0",,"41,000,000","272,000,000","139,000,000",,"0","114,000,000","265,000,000","0","218,000,000","0","0","32,000,000","690,000,000","49,000,000",,,"137,000,000","0",,,"0","289,000,000",,,"120,000,000","-171,000,000","205,000,000","-154,000,000","-65,000,000","326,000,000","220,000,000","-124,000,000","94,000,000","-28,000,000","-26,000,000","-65,000,000","-23,000,000","-24,000,000","-24,000,000","-19,000,000","1,911,682,852","1,913,987,652","-2,372,277,631","-149,161,609","549,340,130","84,467,852","190,223,167","-10,378,229","-3,605,810","304,012,518","14,500,836","-435,544,138","276,245,151","-900,116,144","-241,806,800","-1,090,689,238","189,775,318","-196,547,814","-202,801,868","-183,630,640","86,181,399","8,103,728","98,608,672","117,526,076","-1,857,098","-39,682,540","63,646,007","9,560,229","-49,457,870","-11,046,236","1,512,859","-1,576,541","-1,496,545","-144,274,121","-94,716,590",,"20,592","-61,628,760","-32,267,527","-1,509,434","-17,766","-18,362,663","-36,748,493","1,418,440","-4,434,481","-35,906,643","-30,365,769","-4,153,974","-38,800,000","-34,000,000","-16,000,000","-15,700,000","-11,500,000","-6,100,000","-8,900,000","-9,100,000","-8,500,000","-9,200,000","-8,800,000","-11,300,000",,,,
		RestructuringAndMergernAcquisition,"0","0","0","0",,,,,,,,,,,,,,,,,,,,,,,,,,,,,,,,,,,,,,,,,,,,,,,,,,,,,,,,,,,,,,,,,,,,,,,,,,,,,,,,,,,,,,,,,,,,,,,,,,,,,,,,,
		ImpairmentOfCapitalAssets,,,,,,,,,,,,,,,,,,,,,,,,,,,,,,"0","0","0","0","0","0","0","396,000,000","27,000,000","28,000,000","26,000,000","26,000,000","23,000,000","24,000,000","24,000,000","19,000,000",,,,,,,,,,,,,,,,,,,,,,,,,,,,,,,,,,,,,,,,,,,,,,,,,,,,,,,,,,,,,,,,
		OtherSpecialCharges,,,,,,,,,,,,,,,,,,,,,,,,,,,,,,,"171,000,000","-205,000,000","154,000,000","65,000,000","-326,000,000","-220,000,000","-272,000,000",,,,"39,000,000",,,,,,,,,,,,,,,,,,,,,,,,,,,,,,,,,,,,,,,,,,,,,,,,,,,,,,,,,,,,,,,,,,,,
		GainOnSaleOfPPE,,,,,,"41,000,000","272,000,000","139,000,000",,"0","114,000,000","265,000,000","0","218,000,000","0","0","32,000,000","690,000,000","49,000,000",,,"137,000,000","0",,,"0","289,000,000",,,,,,,,,,,,,,,,,,,,,,,,,,,,,,,,,,,,,,,,,,,,,,,,,,,,,,,,,,,,,,,,,,,,,,,,,,,,,,,,,,
	OtherNonOperatingIncomeExpenses,,,,,,,,,,,,,,,,,,,,,,,,,,,,,,,,"-38,000,000","-37,000,000",,"-33,000,000","-31,000,000","-33,000,000",,,,,,,,,,,,,,,,,,,,,,,,,,,,,,,,,,,,,,,,,,,,,,,,,,,,,,,,,,,,,,,,,,,,,,,,
PretaxIncome,"4,956,000,000","822,000,000","1,364,000,000","1,550,000,000","1,220,000,000","-899,000,000","2,145,000,000","1,402,000,000","874,000,000","602,000,000","782,000,000","1,155,000,000","334,000,000","471,000,000","-589,000,000","-477,000,000","-468,000,000","-50,000,000","-98,000,000","120,000,000","-639,000,000","1,478,000,000","1,336,000,000","1,444,000,000","905,000,000","519,000,000","1,538,000,000","652,000,000","327,000,000","472,000,000","503,000,000","1,028,000,000","606,000,000","1,275,000,000","1,154,000,000","1,211,000,000","270,000,000","-177,000,000","804,000,000","963,000,000","1,249,000,000","656,000,000","854,000,000","95,000,000","370,000,000","2,632,452,819","4,062,167,341","-434,561,368","1,011,212,838","107,703,038","1,019,576,667","1,068,012,752","501,614,391","584,170,544","1,723,482,732","928,053,542","418,028,958","1,727,144,082","318,234,611","386,645,391","-548,972,189","839,429,079","514,048,129","460,306,871","347,586,569","400,638,152","390,329,552","424,152,371","715,439,988","379,918,161","226,984,127","269,737,839","170,490,758","82,426,516","233,548,998","343,419,062","435,125,335","347,439,077","449,353,772","275,270,090","223,285,486","156,384,167","129,126,926","46,934,584","22,641,510","44,285,236","48,967,100","13,229,458","18,439,716","48,764,486","48,335,866","45,548,654","73,386,874","73,100,000","50,500,000","32,900,000","29,000,000","19,800,000","18,500,000","17,200,000","18,400,000","23,100,000","25,900,000","23,600,000","25,000,000",,,,
TaxProvision,"-460,000,000","225,000,000","337,000,000","-1,281,000,000","259,000,000","-123,000,000","343,000,000","420,000,000","291,000,000","206,000,000","98,000,000","83,000,000","89,000,000","-95,000,000","-263,000,000","-138,000,000","-363,000,000","-181,000,000","13,000,000","525,000,000","-387,000,000","280,000,000","297,000,000","374,000,000","283,000,000","106,000,000","370,000,000","176,000,000","114,000,000","120,000,000","143,000,000","275,000,000","179,000,000","443,000,000","318,000,000","282,000,000","224,000,000","333,000,000","203,000,000","262,000,000","383,000,000","169,000,000","173,000,000","-67,000,000","65,000,000","841,053,309","1,181,605,280","-149,603,094","234,543,771","-724,390,457","280,234,523","197,662,062","169,511,070","229,927,331","530,904,214","-187,395,427","300,093,414","571,082,800","105,691,057","127,654,351","-166,868,198","248,913,941","144,891,017","148,098,732","48,530,955","127,644,412","158,022,690","-118,870,728","265,902,747","150,460,902","88,888,889","116,684,346","54,174,634","17,324,711","80,479,722","92,284,418","168,689,894","123,661,020","205,891,193","99,156,430","81,194,722","60,913,341","58,694,057","23,467,292","12,075,472","22,187,032","27,543,994","7,349,699","9,929,078","25,641,848","22,096,396","20,703,934","36,001,108","36,700,000","25,700,000","14,700,000","13,400,000","7,400,000","8,000,000","7,800,000","8,300,000","10,400,000","11,600,000","10,500,000","10,900,000",,,,
NetIncomeCommonStockholders,"5,416,000,000","597,000,000","1,027,000,000","2,831,000,000","961,000,000","-776,000,000","1,802,000,000","982,000,000","583,000,000","396,000,000","684,000,000","1,072,000,000","245,000,000","566,000,000","-326,000,000","-339,000,000","-105,000,000","131,000,000","-111,000,000","-405,000,000","-252,000,000","1,198,000,000","1,039,000,000","1,070,000,000","622,000,000","413,000,000","1,168,000,000","476,000,000","213,000,000","352,000,000","360,000,000","753,000,000","427,000,000","832,000,000","836,000,000","929,000,000","46,000,000","-416,000,000","580,000,000","667,000,000","866,000,000","455,000,000","658,000,000","162,000,000","305,000,000","1,770,611,851","2,834,788,163","-347,038,469","727,291,431","798,405,244","699,592,567","840,595,112","268,680,812","313,667,204","1,115,457,695","1,038,482,989","57,216,254","1,103,548,356","150,987,224","218,485,332","-424,425,635","573,779,221","306,161,018","261,507,672","257,082,896","247,363,427","202,593,193","518,708,632","420,155,722","206,241,288","122,222,222","139,415,063","98,789,038","50,236,335","132,554,837","249,621,785","264,858,900","223,778,057","243,462,579","176,113,660","142,090,764","95,470,826","70,432,869","23,467,292","10,566,038","22,098,204","21,423,106","5,879,759","8,510,638","23,122,638","26,239,470","24,844,720","37,385,766","36,400,000","24,800,000","18,200,000","15,600,000","12,400,000","10,500,000","9,400,000","10,100,000","12,700,000","14,300,000","13,100,000","14,100,000","11,600,000","7,900,000","7,600,000","7,300,000"
	NetIncome,"5,416,000,000","597,000,000","1,027,000,000","2,831,000,000","961,000,000","-776,000,000","1,802,000,000","982,000,000","583,000,000","396,000,000","684,000,000","1,072,000,000","245,000,000","566,000,000","-326,000,000","-339,000,000","-105,000,000","131,000,000","-111,000,000","-405,000,000","-252,000,000","1,198,000,000","1,039,000,000","1,070,000,000","622,000,000","413,000,000","1,168,000,000","476,000,000","213,000,000","352,000,000","360,000,000","753,000,000","427,000,000","832,000,000","836,000,000","929,000,000","46,000,000","-416,000,000","580,000,000","667,000,000","866,000,000","455,000,000","658,000,000","162,000,000","305,000,000","1,770,611,851","2,834,788,163","-347,038,469","727,291,431","798,405,244","699,592,567","840,595,112","268,680,812","313,667,204","1,115,457,695","1,038,482,989","57,216,254","1,103,548,356","150,987,224","218,485,332","-424,425,635","574,799,071","307,420,940","262,841,895","259,706,191","248,464,210","203,943,814","520,059,435","421,624,798","207,774,630","123,809,524","140,930,444","100,382,409","51,869,633","134,132,870","251,134,644","266,435,441","223,778,057","243,462,579","176,113,660","142,090,764","95,470,826","70,432,869","23,467,292","10,566,038","22,098,204","21,423,106","5,879,759","8,510,638","23,122,638","26,239,470","24,844,720","37,385,766","36,400,000","24,800,000","18,200,000","15,600,000","12,400,000","10,500,000","9,400,000","10,100,000","12,700,000","14,300,000","13,100,000","14,100,000","11,600,000","7,900,000","7,600,000","7,300,000"
		NetIncomeIncludingNoncontrollingInterests,"5,416,000,000","597,000,000","1,027,000,000","2,831,000,000","961,000,000","-776,000,000","1,802,000,000","982,000,000","583,000,000","396,000,000","684,000,000","1,072,000,000","245,000,000","566,000,000","-326,000,000","-339,000,000","-105,000,000","131,000,000","-111,000,000","-405,000,000","-252,000,000","1,198,000,000","1,039,000,000","1,070,000,000","622,000,000","413,000,000","1,168,000,000","476,000,000","213,000,000","352,000,000","360,000,000","753,000,000","427,000,000","832,000,000","836,000,000","929,000,000","46,000,000","-416,000,000","580,000,000","667,000,000","866,000,000","455,000,000","658,000,000","162,000,000","305,000,000","1,770,611,851","2,834,788,163","-347,038,469","727,291,431","798,405,244","699,592,567","840,595,112","268,680,812","313,667,204","1,115,457,695","1,038,482,989","57,216,254","1,103,548,356","150,987,224","218,485,332","-424,425,635","574,799,071","307,420,940","262,841,895","259,706,191","248,464,210","203,943,814","520,059,435","421,624,798","207,774,630","123,809,524","140,930,444","100,382,409","51,869,633","134,132,870","251,134,644","266,435,441","223,778,057","243,462,579","176,113,660","142,090,764","95,470,826","70,432,869","23,467,292","10,566,038","22,098,204","21,423,106","5,879,759","8,510,638","23,122,638","26,239,470","24,844,720","37,385,766","36,400,000","24,800,000","18,200,000","15,600,000","12,400,000","10,500,000","9,400,000","10,100,000","12,700,000","14,300,000","13,100,000","14,100,000","11,600,000","7,900,000","7,600,000","7,300,000"
			NetIncomeContinuousOperations,"5,416,000,000","597,000,000","1,027,000,000","2,831,000,000","961,000,000","-776,000,000","1,802,000,000","982,000,000","583,000,000","396,000,000","684,000,000","1,072,000,000","245,000,000","566,000,000","-326,000,000","-339,000,000","-105,000,000","131,000,000","-111,000,000","-405,000,000","-252,000,000","1,198,000,000","1,039,000,000","1,070,000,000","622,000,000","413,000,000","1,168,000,000","476,000,000","213,000,000","352,000,000","360,000,000","753,000,000","427,000,000","832,000,000","836,000,000","929,000,000","46,000,000","-416,000,000","580,000,000","667,000,000","866,000,000","455,000,000","658,000,000","162,000,000","305,000,000","1,770,611,851","2,834,788,163","-347,038,469","727,291,431","798,405,244","699,592,567","840,595,112","268,680,812","313,667,204","1,115,457,695","1,038,482,989","57,216,254","1,103,548,356","150,987,224","218,485,332","-424,425,635","574,799,071","307,420,940","262,841,895","259,706,191","248,464,210","203,943,814","520,059,435","421,624,798","207,774,630","123,809,524","140,930,444","100,382,409","51,869,633","134,132,870","251,134,644","266,435,441","223,778,057","243,462,579","176,113,660","142,090,764","95,470,826","70,432,869","23,467,292","10,566,038","22,098,204","21,423,106","5,879,759","8,510,638","23,122,638","26,239,470","24,844,720","37,385,766","36,400,000","24,800,000","18,200,000","15,600,000","12,400,000","10,500,000","9,400,000","10,100,000","12,700,000","14,300,000","13,100,000","14,100,000","11,600,000","7,900,000","7,600,000","7,300,000"
	PreferredStockDividends,,,,,,,,,,,,,,,,,,,,,,,,,,,,,,,,,,,,,,,,,,,,,,,,,,,,,,,,,,,,,,"1,019,850","1,259,922","1,334,223","2,623,295","1,100,783","1,350,621","1,350,804","1,469,076","1,533,342","1,587,302","1,515,381","1,593,372","1,633,298","1,578,034","1,512,859","1,576,541",,,,,,,,,,,,,,,,,,,,,,,,,,,,,,,,
	OtherunderPreferredStockDividend,,,,,,,,,,,,,,,,,,,,,,,,,,,,,,,,,,,,,,,,,,,,,,,,,,,,,,,,,,,,,,,,,,,,"-1",,,,,"-1",,"-1",,,,,,,,,,,,,,,,,,,,,,,,,,,,,,,,,,
DilutedNIAvailtoComStockholders,"5,416,000,000","597,000,000","1,027,000,000","2,831,000,000","961,000,000","-776,000,000","1,802,000,000","982,000,000","583,000,000","396,000,000","684,000,000","1,072,000,000","245,000,000","566,000,000","-326,000,000","-339,000,000","-105,000,000","131,000,000","-111,000,000","-405,000,000","-252,000,000","1,198,000,000","1,039,000,000","1,070,000,000","622,000,000","413,000,000","1,168,000,000","476,000,000","213,000,000","352,000,000","360,000,000","753,000,000","427,000,000","832,000,000","836,000,000","929,000,000","46,000,000","-416,000,000","580,000,000","667,000,000","866,000,000","455,000,000","658,000,000","162,000,000","305,000,000","1,770,611,851","2,834,788,163","-347,038,469","727,291,431","798,405,244","699,592,567","840,595,112","268,680,812","313,667,204","1,115,457,695","1,038,482,989","57,216,254","1,103,548,356","150,987,224","218,485,332","-424,425,635","573,779,221","306,161,018","261,507,672","257,082,896","247,363,427","202,593,193","518,708,632","420,155,722","206,241,288","122,222,222","139,415,063","98,789,038","50,236,335","132,554,837","249,621,785","264,858,900","223,778,057","243,462,579","176,113,660","142,090,764","95,470,826","70,432,869","23,467,292","10,566,038","22,098,204","21,423,106","5,879,759","8,510,638","23,122,638","26,239,470","24,844,720","37,385,766","36,400,000","24,800,000","18,200,000","15,600,000","12,400,000","10,500,000","9,400,000","10,100,000","12,700,000","14,300,000","13,100,000","14,100,000","11,600,000","7,900,000","7,600,000","7,300,000"
BasicEPS,,"0.5","0.87","2.37","0.8","-0.64","1.48","0.8","0.48","0.32","0.56","0.93","0.22","0.51","-0.29","-0.31","-0.1","0.12","-0.1","-0.37","-0.23","1.1","0.95","0.98","0.57","0.38","1.07","0.44","0.19","0.32","0.33","0.68","0.39","0.76","0.76","0.85","0.04",,"0.53","0.61","0.8",,"0.605","0.15","0.28",,"2.625","-0.325","0.673",,"0.65","0.781","0.25",,"1.038","0.962","0.055",,"0.14","0.205","-0.198",,"0.146","0.122","0.06",,"0.047","0.123","0.1",,"0.027","0.037","0.025",,"0.034","0.065","0.068",,"0.064","0.048","0.04",,"0.022","0.008","0.003",,"0.007","0.002","0.003",,"0.008","0.008","0.012",,"0.009","0.008","0.007",,"0.005","0.004","0.005",,"0.007","0.007","0.007",,"0.004","0.004","0.004"
DilutedEPS,,"0.5","0.87","2.36","0.8","-0.64","1.47","0.8","0.47","0.32","0.56","0.93","0.22","0.51","-0.29","-0.31","-0.1","0.12","-0.1","-0.37","-0.23","1.09","0.94","0.97","0.57","0.38","1.07","0.44","0.19","0.32","0.33","0.68","0.39","0.76","0.76","0.84","0.04",,"0.53","0.61","0.8",,"0.605","0.15","0.28",,"2.625","-0.325","0.673",,"0.65","0.781","0.25",,"1.038","0.962","0.055",,"0.14","0.205","-0.198",,"0.142","0.122","0.06",,"0.047","0.119","0.095",,"0.027","0.034","0.025",,"0.034","0.062","0.065",,"0.064","0.048","0.04",,"0.022","0.008","0.003",,"0.007","0.002","0.003",,"0.008","0.008","0.012",,"0.009","0.008","0.007",,"0.005","0.004","0.005",,"0.007","0.007","0.007",,"0.004","0.004","0.004"
BasicAverageShares,,"1,184,428,000","1,185,589,000","1,193,185,000","1,200,948,000","1,204,998,000","1,218,784,000","1,226,021,000","1,225,618,000","1,219,865,000","1,215,616,000","1,150,335,000","1,112,939,000","1,107,181,000","1,102,117,000","1,097,579,000","1,094,915,000","1,094,528,000","1,094,398,000","1,094,143,000","1,092,350,000","1,091,427,000","1,092,149,000","1,093,522,000","1,089,929,000","1,086,271,000","1,086,813,000","1,089,302,000","1,092,431,000","1,093,925,000","1,095,267,000","1,099,046,000","1,100,154,000","1,095,072,000","1,096,750,000","1,096,784,000","1,093,685,000",,"1,088,989,000","1,088,751,000","1,085,590,000",,"1,084,274,000","1,083,996,000","1,082,502,000",,"1,081,638,000","1,067,810,674","1,080,436,000",,"1,078,988,000","1,078,592,000","1,077,780,000",,"1,074,584,000","1,074,702,000","1,074,454,000",,"1,073,916,000","1,073,378,000","2,145,320,000",,"2,147,704,000","2,147,368,000","4,290,720,000",,"4,312,192,000","4,294,560,000","4,289,152,000",,"4,262,432,000","3,933,120,000","3,920,640,000",,"3,883,168,000","3,876,736,000","3,907,200,000",,"3,676,960,000","3,629,792,000","3,597,536,000",,"3,560,096,000","3,209,888,000","3,193,888,000",,"3,185,824,000","3,182,368,000","3,169,728,000",,"3,148,640,000","3,133,152,000","3,126,976,000",,"2,645,333,333","2,426,666,667","2,377,142,857",,"2,240,000,000","2,148,571,429","2,154,666,667",,"1,989,565,217","1,905,454,545","1,961,739,130",,"1,805,714,286","1,737,142,857","1,668,571,429"
DilutedAverageShares,,"1,186,616,000","1,187,122,000","1,195,875,000","1,203,287,000","1,204,998,000","1,224,867,000","1,232,507,000","1,231,336,000","1,228,412,000","1,221,928,000","1,158,180,000","1,121,276,000","1,118,368,000","1,102,117,000","1,097,579,000","1,094,915,000","1,094,827,000","1,094,398,000","1,094,143,000","1,092,350,000","1,094,481,000","1,102,762,000","1,102,974,000","1,093,227,000","1,088,010,000","1,088,660,000","1,091,021,000","1,094,488,000","1,095,529,000","1,097,123,000","1,101,101,000","1,100,154,000","1,099,462,000","1,101,423,000","1,105,305,000","1,105,677,000",,"1,088,989,000","1,088,751,000","1,085,590,000",,"1,084,274,000","1,083,996,000","1,082,502,000",,"1,081,638,000","1,067,810,674","1,080,436,000",,"1,078,988,000","1,078,592,000","1,077,780,000",,"1,074,584,000","1,074,702,000","1,074,454,000",,"1,077,606,000","1,073,378,000","2,145,320,000",,"2,166,184,000","2,147,368,000","4,338,432,000",,"4,376,000,000","4,393,568,000","4,451,968,000",,"4,374,656,000","4,120,128,000","3,920,640,000",,"4,061,184,000","4,069,760,000","4,093,472,000",,"3,676,960,000","3,629,792,000","3,597,536,000",,"3,560,096,000","3,209,888,000","3,193,888,000",,"3,185,824,000","3,182,368,000","3,169,728,000",,"3,148,640,000","3,133,152,000","3,126,976,000",,"2,645,333,333","2,426,666,667","2,377,142,857",,"2,240,000,000","2,148,571,429","2,154,666,667",,"1,989,565,217","1,905,454,545","1,961,739,130",,"1,805,714,286","1,737,142,857","1,668,571,429"
TotalExpenses,"18,802,000,000","5,354,000,000","4,819,000,000","4,328,000,000","4,301,000,000","3,937,000,000","4,389,000,000","4,769,000,000","4,339,000,000","4,577,000,000","4,043,000,000","3,291,000,000","3,423,000,000","3,276,000,000","2,988,000,000","3,038,000,000","3,075,000,000","3,528,000,000","3,334,000,000","3,401,000,000","3,646,000,000","4,035,000,000","3,912,000,000","4,591,000,000","3,903,000,000","3,702,000,000","3,884,000,000","3,526,000,000","3,670,000,000","3,443,000,000","3,326,000,000","3,204,000,000","3,169,000,000","3,471,000,000","2,554,000,000","2,674,000,000","2,881,000,000","4,120,000,000","2,400,000,000","2,516,000,000","2,155,000,000","2,529,000,000","1,827,000,000","2,295,000,000","1,541,000,000","1,755,104,087","2,472,855,014","3,222,063,912","2,825,840,963","3,640,980,187","2,130,577,363","2,243,358,130","2,604,935,424","3,036,740,073","1,507,767,967","1,867,261,572","1,571,695,470","1,672,496,020","1,723,577,236","1,534,307,107","1,449,818,621","1,280,951,121","1,380,874,386","1,204,803,202","1,104,407,136","1,239,251,313","981,901,674","1,071,187,356","1,009,255,178","917,374,883","871,428,572","641,006,213","544,933,079","534,596,494","549,155,752","593,040,847","644,805,297","633,506,302","360,685,302","233,831,582","294,330,868","265,365,369","187,820,984","133,470,226","161,509,434","174,540,045","137,719,969","138,174,335","170,212,766","179,826,595","128,435,299","121,463,078","162,004,984","107,000,000","105,700,000","55,600,000","51,800,000","43,100,000","38,200,000","36,100,000","33,100,000","32,900,000","28,500,000","25,700,000","24,200,000",,,,
NetIncomeFromContinuingAndDiscontinuedOperation,"5,416,000,000","597,000,000","1,027,000,000","2,831,000,000","961,000,000","-776,000,000","1,802,000,000","982,000,000","583,000,000","396,000,000","684,000,000","1,072,000,000","245,000,000","566,000,000","-326,000,000","-339,000,000","-105,000,000","131,000,000","-111,000,000","-405,000,000","-252,000,000","1,198,000,000","1,039,000,000","1,070,000,000","622,000,000","413,000,000","1,168,000,000","476,000,000","213,000,000","352,000,000","360,000,000","753,000,000","427,000,000","832,000,000","836,000,000","929,000,000","46,000,000","-416,000,000","580,000,000","667,000,000","866,000,000","455,000,000","658,000,000","162,000,000","305,000,000","1,770,611,851","2,834,788,163","-347,038,469","727,291,431","798,405,244","699,592,567","840,595,112","268,680,812","313,667,204","1,115,457,695","1,038,482,989","57,216,254","1,103,548,356","150,987,224","218,485,332","-424,425,635","574,799,071","307,420,940","262,841,895","259,706,191","248,464,210","203,943,814","520,059,435","421,624,798","207,774,630","123,809,524","140,930,444","100,382,409","51,869,633","134,132,870","251,134,644","266,435,441","223,778,057","243,462,579","176,113,660","142,090,764","95,470,826","70,432,869","23,467,292","10,566,038","22,098,204","21,423,106","5,879,759","8,510,638","23,122,638","26,239,470","24,844,720","37,385,766","36,400,000","24,800,000","18,200,000","15,600,000","12,400,000","10,500,000","9,400,000","10,100,000","12,700,000","14,300,000","13,100,000","14,100,000","11,600,000","7,900,000","7,600,000","7,300,000"
NormalizedIncome,"5,269,000,000","554,875,912.409","1,157,257,331.378","2,725,160,000","826,302,459.016","-246,006,674.082","1,476,883,916.084","1,001,611,982.882","804,459,954.233","379,554,817.276","280,772,378.517","540,800,000","229,800,000","426,350,000","-334,760,000","-311,283,018.868","-425,460,000","-277,660,000","-124,230,000","-361,635,000","-165,270,000","588,462,787.551","1,068,552,395.21","1,059,626,038.781","684,543,646.409","451,196,531.792","1,009,279,583.875","461,580,000","230,975,000","395,254,237.288","400,079,522.863","648,253,891.051","497,462,046.205","805,245,490.196","752,689,774.697","731,846,407.927","88,465,000","-483,680,000","600,930,348.259","685,926,272.066","911,068,054.444","472,074,695.122","677,138,173.302","179,040,000","320,662,162.162","469,700,510.963","1,477,542,202.223","1,208,553,419.643","841,856,044.245","457,814,363.4","638,341,025.24","685,577,426.731","275,551,915.339","315,853,780.733","905,093,650.477","1,029,782,487.4","318,542,736.8","918,644,081.516","752,159,684.963","380,457,506.165","334,732,513.867","441,297,384.078","448,569,247.508","400,394,466.519","417,697,835.937","189,740,440.649","199,081,577.2","460,894,231.8","347,778,844.689","208,896,252.129","147,952,048.317","102,742,839.8","93,860,009.81","90,932,264.356","141,372,632.797","250,028,324.205","267,400,786.759","224,741,949.534","330,027,051.6","236,711,908.533","142,090,764","95,458,254.809","107,410,125","42,827,808.2","11,471,698.4","22,108,863.6","32,440,703.8","27,928,854.8","7,659,574","25,783,326.6","47,783,455.8","43,064,181.4","39,878,150.4","59,680,000","45,200,000","27,800,000","25,020,000","19,602,020.202","14,160,000","14,740,000","15,560,000","17,800,000","19,820,000","18,380,000","20,880,000","11,600,000","7,900,000","7,600,000","7,300,000"
InterestIncome,"76,000,000"
InterestExpense,"912,000,000","293,000,000","231,000,000","197,000,000","191,000,000","238,000,000","180,000,000","190,000,000","190,000,000","266,000,000","183,000,000","145,000,000","134,000,000","163,000,000","90,000,000","86,000,000","92,000,000","125,000,000","78,000,000","85,000,000","86,000,000","99,000,000","79,000,000","92,000,000","68,000,000","63,000,000","70,000,000","72,000,000","77,000,000","85,000,000","92,000,000","93,000,000","96,000,000","83,000,000","97,000,000","99,000,000","94,000,000","120,000,000","109,000,000","109,000,000","111,000,000","111,000,000","118,000,000","124,000,000","57,000,000",,,,,,,,,,,,,,,,,,,,,,,,,,,,,,,,,,,,,,,,,,,,,,,,,,,,,,,,,,,,,,,,
NetInterestIncome,"-836,000,000","-217,000,000","-231,000,000","-197,000,000","-191,000,000","-179,000,000","-180,000,000","-190,000,000","-190,000,000","-169,000,000","-183,000,000","-145,000,000","-134,000,000","-115,000,000","-90,000,000","-86,000,000","-92,000,000","-73,000,000","-78,000,000","-85,000,000","-86,000,000","-84,000,000","-79,000,000","-92,000,000","-68,000,000","-60,000,000","-70,000,000","-72,000,000","-77,000,000","-83,000,000","-92,000,000","-93,000,000","-96,000,000","-83,000,000","-97,000,000","-99,000,000","-94,000,000","-120,000,000","-109,000,000","-109,000,000","-111,000,000","-111,000,000","-118,000,000","-124,000,000","-57,000,000",,,,,,,,,,,,,,,,,,,,,,,,,,,,,,,,,,,,,,,,,,,,,,,,,,,,,,,,,,,,,,,,
EBIT,"5,868,000,000","1,115,000,000","1,595,000,000","1,747,000,000","1,411,000,000","-661,000,000","2,325,000,000","1,592,000,000","1,064,000,000","868,000,000","965,000,000","1,300,000,000","468,000,000","634,000,000","-499,000,000","-391,000,000","-376,000,000","75,000,000","-20,000,000","205,000,000","-553,000,000","1,577,000,000","1,415,000,000","1,536,000,000","973,000,000","582,000,000","1,608,000,000","724,000,000","404,000,000","557,000,000","595,000,000","1,121,000,000","702,000,000","1,358,000,000","1,251,000,000","1,310,000,000","364,000,000","-57,000,000","913,000,000","1,072,000,000","1,360,000,000","767,000,000","972,000,000","219,000,000","427,000,000","755,883,520","2,109,857,356","1,889,883,981","1,140,829,133","-440,668,222","942,064,990","908,607,864","513,145,757","657,935,292","1,351,290,935","849,972,115","799,859,878","1,358,999,553","1,193,960,511","629,679,637","542,926,240","688,770,903","694,216,958","660,440,294","533,840,503","320,187,019","388,978,931","341,753,344","618,480,976","412,711,902","301,587,301","221,245,643","173,677,501","125,945,282","257,219,504","381,240,545","476,115,403","396,683,061","643,222,122","402,545,508","255,183,414","188,794,759","211,298,605","98,269,287","40,754,717","69,657,074","85,692,426","69,087,167","32,624,113","66,890,954","93,909,681","84,195,997","84,464,138","118,800,000","94,100,000","54,400,000","49,400,000","35,000,000","31,500,000","31,700,000","32,400,000","35,400,000","37,600,000","35,800,000","38,900,000","-11,100,000","35,500,000","33,500,000","31,100,000"
EBITDA,"11,414,000,000"
ReconciledCostOfRevenue,"18,045,000,000","5,048,000,000","4,667,000,000","4,205,000,000","4,125,000,000","3,948,000,000","4,350,000,000","4,471,000,000","4,300,000,000","4,351,000,000","3,812,000,000","3,281,000,000","3,273,000,000","3,113,000,000","2,796,000,000","2,790,000,000","2,836,000,000","3,336,000,000","3,284,000,000","3,337,000,000","3,435,000,000","4,030,000,000","3,898,000,000","4,262,000,000","3,625,000,000","3,498,000,000","3,713,000,000","3,452,000,000","3,478,000,000","6,497,000,000","2,119,000,000","2,120,000,000","2,199,000,000","2,186,000,000","1,818,000,000","1,892,000,000","1,817,000,000","1,765,000,000","1,483,000,000","1,695,000,000","1,661,000,000","1,455,000,000","1,294,000,000","1,082,000,000","899,000,000","1,172,595,468","1,722,749,311","1,986,796,365","1,521,448,411","-268,453,939","1,244,494,963","1,300,039,754","1,299,584,871","2,037,896,671","935,576,682","846,495,779","816,207,380","910,138,378","919,080,109","753,860,034","714,631,197","703,468,480","715,676,312","651,066,958","591,552,991","721,070,138","498,481,787","534,009,208","589,099,456","493,196,637","435,432,978","325,148,488","282,026,769","268,603,855","283,090,424","348,799,336","411,477,219","370,521,478","168,865,169","98,022,814","163,839,350","149,279,232","73,296,550","49,241,907","75,471,698","86,416,083","51,517,396","50,033,829","86,524,823","96,384,470","52,404,216","49,904,832","91,387,427","43,500,000","42,900,000","22,600,000","20,900,000","17,900,000","16,700,000","15,200,000","14,000,000","14,700,000","13,800,000","12,100,000","10,700,000",,,,
ReconciledDepreciation,"5,546,000,000","1,550,000,000","1,426,000,000","1,307,000,000","1,263,000,000","1,328,000,000","1,306,000,000","1,270,000,000","1,257,000,000","1,406,000,000","1,271,000,000","1,210,000,000","1,299,000,000","1,249,000,000","1,216,000,000","1,174,000,000","1,219,000,000","1,472,000,000","1,376,000,000","1,280,000,000","1,355,000,000","1,406,000,000","1,226,000,000","1,237,000,000","1,011,000,000","1,272,000,000","1,258,000,000","1,172,000,000","1,142,000,000","1,213,000,000","1,056,000,000","1,084,000,000","975,000,000","998,000,000","887,000,000","870,000,000","849,000,000","1,578,000,000","898,000,000","836,000,000","771,000,000","836,000,000","673,000,000","664,000,000","646,000,000","666,096,378","659,622,416","669,421,832","688,200,802","718,753,904","715,159,216","720,151,532","709,178,967","724,013,558","588,956,681","556,739,023","520,784,680","549,610,136","506,006,999","483,405,217","474,002,418","501,177,091","452,271,276","425,650,854","389,559,286","404,932,895","401,031,989","384,537,327","374,614,368","385,561,401","404,249,562","290,096,246","234,225,621","242,974,496","236,082,686","217,010,043","208,103,421","203,031,531","185,808,712","129,888,982","126,141,801","111,931,189","110,122,379","79,828,202","81,509,434","83,320,108","81,611,908","82,260,747","79,432,624","80,242,965","73,269,033","67,417,459","67,848,241","60,400,000","60,400,000","32,000,000","29,600,000","23,700,000","20,800,000","19,900,000","18,000,000","17,400,000","13,800,000","13,200,000","12,700,000",,,,
NetIncomeFromContinuingOperationNetMinorityInterest,"5,416,000,000","597,000,000","1,027,000,000","2,831,000,000","961,000,000","-776,000,000","1,802,000,000","982,000,000","583,000,000","396,000,000","684,000,000","1,072,000,000","245,000,000","566,000,000","-326,000,000","-339,000,000","-105,000,000","131,000,000","-111,000,000","-405,000,000","-252,000,000","1,198,000,000","1,039,000,000","1,070,000,000","622,000,000","413,000,000","1,168,000,000","476,000,000","213,000,000","352,000,000","360,000,000","753,000,000","427,000,000","832,000,000","836,000,000","929,000,000","46,000,000","-416,000,000","580,000,000","667,000,000","866,000,000","455,000,000","658,000,000","162,000,000","305,000,000","1,770,611,851","2,834,788,163","-347,038,469","727,291,431","798,405,244","699,592,567","840,595,112","268,680,812","313,667,204","1,115,457,695","1,038,482,989","57,216,254","1,103,548,356","150,987,224","218,485,332","-424,425,635","574,799,071","307,420,940","262,841,895","259,706,191","248,464,210","203,943,814","520,059,435","421,624,798","207,774,630","123,809,524","140,930,444","100,382,409","51,869,633","134,132,870","251,134,644","266,435,441","223,778,057","243,462,579","176,113,660","142,090,764","95,470,826","70,432,869","23,467,292","10,566,038","22,098,204","21,423,106","5,879,759","8,510,638","23,122,638","26,239,470","24,844,720","37,385,766","36,400,000","24,800,000","18,200,000","15,600,000","12,400,000","10,500,000","9,400,000","10,100,000","12,700,000","14,300,000","13,100,000","14,100,000","11,600,000","7,900,000","7,600,000","7,300,000"
TotalUnusualItemsExcludingGoodwill,"200,000,000","58,000,000","-173,000,000","144,000,000","171,000,000","-614,000,000","387,000,000","-28,000,000","-332,000,000","25,000,000","461,000,000","664,000,000","19,000,000","190,000,000","12,000,000","-39,000,000","436,000,000","556,000,000","18,000,000","-59,000,000","-118,000,000","752,000,000","-38,000,000","14,000,000","-91,000,000","-48,000,000","209,000,000","20,000,000","-25,000,000","-58,000,000","-56,000,000","143,000,000","-100,000,000","41,000,000","115,000,000","257,000,000","-57,000,000","94,000,000","-28,000,000","-26,000,000","-65,000,000","-23,000,000","-24,000,000","-24,000,000","-19,000,000","1,911,682,852","1,913,987,652","-2,372,277,631","-149,161,609","549,340,130","84,467,852","190,223,167","-10,378,229","-3,605,810","304,012,518","14,500,836","-435,544,138","276,245,151","-900,116,144","-241,806,800","-1,090,689,238","189,775,318","-196,547,814","-202,801,868","-183,630,640","86,181,399","8,103,728","98,608,672","117,526,076","-1,857,098","-39,682,540","63,646,007","9,560,229","-49,457,870","-11,046,236","1,512,859","-1,576,541","-1,496,545","-144,274,121","-94,716,590",,"20,592","-61,628,760","-32,267,527","-1,509,434","-17,766","-18,362,663","-36,748,493","1,418,440","-4,434,481","-35,906,643","-30,365,769","-4,153,974","-38,800,000","-34,000,000","-16,000,000","-15,700,000","-11,500,000","-6,100,000","-8,900,000","-9,100,000","-8,500,000","-9,200,000","-8,800,000","-11,300,000",,,,
TotalUnusualItems,"200,000,000","58,000,000","-173,000,000","144,000,000","171,000,000","-614,000,000","387,000,000","-28,000,000","-332,000,000","25,000,000","461,000,000","664,000,000","19,000,000","190,000,000","12,000,000","-39,000,000","436,000,000","556,000,000","18,000,000","-59,000,000","-118,000,000","752,000,000","-38,000,000","14,000,000","-91,000,000","-48,000,000","209,000,000","20,000,000","-25,000,000","-58,000,000","-56,000,000","143,000,000","-100,000,000","41,000,000","115,000,000","257,000,000","-57,000,000","94,000,000","-28,000,000","-26,000,000","-65,000,000","-23,000,000","-24,000,000","-24,000,000","-19,000,000","1,911,682,852","1,913,987,652","-2,372,277,631","-149,161,609","549,340,130","84,467,852","190,223,167","-10,378,229","-3,605,810","304,012,518","14,500,836","-435,544,138","276,245,151","-900,116,144","-241,806,800","-1,090,689,238","189,775,318","-196,547,814","-202,801,868","-183,630,640","86,181,399","8,103,728","98,608,672","117,526,076","-1,857,098","-39,682,540","63,646,007","9,560,229","-49,457,870","-11,046,236","1,512,859","-1,576,541","-1,496,545","-144,274,121","-94,716,590",,"20,592","-61,628,760","-32,267,527","-1,509,434","-17,766","-18,362,663","-36,748,493","1,418,440","-4,434,481","-35,906,643","-30,365,769","-4,153,974","-38,800,000","-34,000,000","-16,000,000","-15,700,000","-11,500,000","-6,100,000","-8,900,000","-9,100,000","-8,500,000","-9,200,000","-8,800,000","-11,300,000",,,,
NormalizedEBITDA,"11,214,000,000","2,607,000,000","3,194,000,000","2,910,000,000","2,503,000,000","1,281,000,000","3,244,000,000","2,890,000,000","2,653,000,000","2,249,000,000","1,775,000,000","1,846,000,000","1,748,000,000","1,693,000,000","705,000,000","822,000,000","407,000,000","991,000,000","1,338,000,000","1,544,000,000","920,000,000","2,231,000,000","2,679,000,000","2,759,000,000","2,075,000,000","1,902,000,000","2,657,000,000","1,876,000,000","1,571,000,000","1,828,000,000","1,707,000,000","2,062,000,000","1,777,000,000","2,315,000,000","2,023,000,000","1,923,000,000","1,270,000,000","1,427,000,000","1,839,000,000","1,934,000,000","2,196,000,000","1,626,000,000","1,669,000,000","907,000,000","1,092,000,000","-489,702,954","855,492,120","4,931,813,556","1,978,191,544","-271,254,448","1,573,089,536","1,438,894,793","1,232,702,953","1,385,554,660","1,636,302,671","1,392,210,302","1,756,188,696","1,632,364,538","2,600,083,654","1,355,100,037","2,107,617,896","1,000,172,676","1,344,336,651","1,288,893,016","1,107,030,429","638,938,515","782,009,725","627,681,999","875,569,268","800,130,401","745,519,403","448,552,811","398,342,893","418,377,648","504,970,805","596,737,729","685,795,365","601,211,137","973,850,316","627,497,410","381,325,215","300,705,356","383,049,744","212,672,338","123,773,585","152,994,948","185,666,997","188,096,407","110,638,297","151,568,400","203,085,357","182,194,616","156,466,353","218,000,000","188,500,000","102,400,000","94,700,000","70,200,000","58,400,000","60,500,000","59,500,000","61,300,000","60,600,000","57,900,000","62,900,000","-11,100,000","35,500,000","33,500,000","31,100,000"
TaxRateForCalcs,"0.265","0.274","0.247","0.265","0.212","0.137","0.16","0.3","0.333","0.342","0.125","0.2","0.2","0.265","0.27","0.289","0.265","0.265","0.265","0.265","0.265","0.189","0.222","0.259","0.313","0.204","0.241","0.279","0.281","0.254","0.284","0.268","0.295","0.347","0.276","0.233","0.255","0.28","0.252","0.272","0.307","0.258","0.203","0.29","0.176","0.319","0.291","0.344","0.232","0.38","0.275","0.185","0.338","0.394","0.308","0.4","0.4","0.331","0.332","0.33","0.304","0.297","0.282","0.322","0.14","0.319","0.4","0.4","0.372","0.396","0.392","0.4","0.318","0.21","0.345","0.269","0.388","0.356","0.4","0.36","0.364","0.39","0.4","0.4","0.4","0.4","0.4","0.4","0.4","0.4","0.4","0.4","0.4","0.4","0.4","0.4","0.4","0.374","0.4","0.4","0.4","0.4","0.4","0.4","0.4","0.4","0.4","0.4","0.4"
TaxEffectOfUnusualItems,"53,000,000","15,875,912.409","-42,742,668.622","38,160,000","36,302,459.016","-84,006,674.082","61,883,916.084","-8,388,017.118","-110,540,045.767","8,554,817.276","57,772,378.517","132,800,000","3,800,000","50,350,000","3,240,000","-11,283,018.868","115,540,000","147,340,000","4,770,000","-15,635,000","-31,270,000","142,462,787.551","-8,447,604.79","3,626,038.781","-28,456,353.591","-9,803,468.208","50,279,583.875","5,580,000","-7,025,000","-14,745,762.712","-15,920,477.137","38,253,891.051","-29,537,953.795","14,245,490.196","31,689,774.697","59,846,407.927","-14,535,000","26,320,000","-7,069,651.741","-7,073,727.934","-19,931,945.556","-5,925,304.878","-4,861,826.698","-6,960,000","-3,337,837.838","610,771,511.963","556,741,691.223","-816,685,742.357","-34,596,995.755","208,749,249.4","23,216,310.24","35,205,481.731","-3,507,125.661","-1,419,233.267","93,648,473.477","5,800,334.4","-174,217,655.2","91,340,876.516","-298,943,683.037","-79,834,625.835","-331,531,089.133","56,273,631.078","-55,399,506.492","-65,249,296.481","-25,638,995.063","27,457,629.649","3,241,491.2","39,443,468.8","43,680,122.689","-735,475.871","-15,540,015.683","25,458,402.8","3,037,829.81","-10,395,238.644","-3,806,473.203","406,539.205","-611,195.241","-532,652.466","-57,709,648.4","-34,118,341.467","0","8,020.809","-24,651,504","-12,907,010.8","-603,773.6","-7,106.4","-7,345,065.2","-14,699,397.2","567,376","-1,773,792.4","-14,362,657.2","-12,146,307.6","-1,661,589.6","-15,520,000","-13,600,000","-6,400,000","-6,280,000","-4,297,979.798","-2,440,000","-3,560,000","-3,640,000","-3,400,000","-3,680,000","-3,520,000","-4,520,000","0","0","0","0"