name,ttm,12/31/2019,12/31/2018,12/31/2017,12/31/2016,12/31/2015,12/31/2014,12/31/2013,12/31/2012,12/31/2011,12/31/2010,12/31/2009,12/31/2008,12/31/2007,12/31/2006,12/31/2005,12/31/2004,12/31/2003,12/31/2002,12/31/2001,12/31/2000,12/31/1999,12/31/1998,12/31/1997,12/31/1996,12/31/1995,12/31/1994
TotalRevenue,"27,999,000,000","27,831,000,000","27,173,000,000","26,247,000,000","24,648,000,000","22,647,000,000","21,453,000,000","21,352,000,000","19,733,000,000","16,300,000,000","16,236,000,000","13,015,218,000","13,892,686,000","14,584,068,000","12,096,362,000","10,038,347,000","8,903,135,000","8,201,013,000","8,185,948,000","6,083,283,000","4,623,301,000","3,425,000,000","2,183,100,000","1,452,200,000","1,128,900,000","761,000,000","561,900,000"
	NetInterestIncome,"23,574,000,000","23,340,000,000","22,875,000,000","22,460,000,000","20,873,000,000","18,834,000,000","17,818,000,000","18,106,000,000","16,589,000,000","12,741,000,000","12,457,000,000","7,697,115,000","7,148,715,000","6,529,845,000","5,099,630,000","3,680,242,000","3,002,978,000","2,785,089,000","2,719,112,000","1,663,390,000","1,588,885,000","1,052,600,000","694,800,000","383,100,000","365,500,000","208,000,000","165,000,000"
		InterestIncome,"28,530,000,000","28,513,000,000","27,176,000,000","25,222,000,000","22,891,000,000","20,459,000,000","19,397,000,000","19,898,000,000","18,964,000,000","14,987,000,000","15,353,000,000","10,664,585,000","11,111,999,000","11,078,156,000","8,194,229,000","5,726,881,000","4,794,420,000","4,367,654,000","4,180,766,000","2,834,397,000","2,389,902,000","1,593,500,000","1,111,600,000","718,000,000","660,500,000","457,400,000","258,700,000"
			InterestIncomeFromLoansAndLease,"26,036,000,000","25,862,000,000","24,728,000,000","23,388,000,000","21,203,000,000","18,785,000,000","17,662,000,000","18,222,000,000","17,537,000,000","13,774,000,000","13,934,000,000","8,757,066,000","9,460,378,000","9,500,128,000","7,117,536,000","5,010,839,000","4,234,420,000","3,932,295,000","3,868,664,000","2,642,767,000","2,286,774,000","1,482,400,000","1,003,100,000","619,800,000","592,100,000","397,700,000","255,100,000"
				InterestIncomeFromLoans,"26,036,000,000","25,862,000,000","24,728,000,000","23,388,000,000","21,203,000,000","18,785,000,000","17,662,000,000","18,222,000,000","17,537,000,000",,,,"9,460,378,000","9,500,128,000","7,117,536,000","5,010,839,000","4,234,420,000","3,932,295,000","3,868,664,000","2,642,767,000","2,286,774,000","1,482,400,000","1,003,100,000","619,800,000","592,100,000","397,700,000","255,100,000"
			InterestIncomeFromSecurities,"2,286,000,000","2,411,000,000","2,211,000,000","1,711,000,000","1,599,000,000","1,575,000,000","1,628,000,000","1,575,000,000","1,329,000,000","1,137,000,000","1,342,000,000","1,610,210,000","1,224,012,000","950,972,000","676,712,000","388,576,000","312,374,000","192,594,000","184,407,000","138,188,000","96,554,000",,,,,,
			InterestIncomeFromFederalFundsSoldAndSecuritiesPurchaseUnderAgreementsToResell,,,,,,,,,,,,,,,,,,,,,,"105,400,000","12,600,000","16,400,000","21,300,000","26,800,000","2,500,000"
			OtherInterestIncome,"208,000,000","240,000,000","237,000,000","123,000,000","89,000,000","99,000,000","107,000,000","101,000,000","98,000,000","76,000,000","77,000,000","297,309,000","427,609,000","627,056,000","399,981,000","327,466,000","247,626,000","242,765,000","127,695,000","53,442,000","6,574,000","5,700,000","95,900,000","81,800,000","47,100,000","32,900,000","1,100,000"
		InterestExpense,"4,956,000,000","5,173,000,000","4,301,000,000","2,762,000,000","2,018,000,000","1,625,000,000","1,579,000,000","1,792,000,000","2,375,000,000","2,246,000,000","2,896,000,000","2,967,470,000","3,963,284,000","4,548,311,000","3,094,599,000","2,046,639,000","1,791,442,000","1,582,565,000","1,461,654,000","1,171,007,000","801,017,000","540,900,000","416,800,000","334,900,000","295,000,000","249,400,000","93,700,000"
			InterestExpenseForDeposit,"3,334,000,000","3,420,000,000","2,598,000,000","1,602,000,000","1,213,000,000","1,091,000,000","1,088,000,000","1,241,000,000","1,403,000,000","1,187,000,000","1,465,000,000","2,093,019,000","2,512,040,000","2,906,351,000","1,814,797,000","1,173,137,000","1,009,545,000","891,650,000","811,889,000","640,470,000","324,008,000","137,800,000","67,500,000","41,900,000","56,300,000","49,500,000","2,400,000"
			InterestExpenseForShortTermDebt,,,,,,,,,,"337,000,000",,,,,,,,"242,269,000","227,236,000","173,042,000","202,034,000","100,400,000","88,600,000","39,100,000","28,500,000","20,200,000","12,100,000"
			InterestExpenseForLongTermDebtAndCapitalSecurities,"1,622,000,000","1,753,000,000","1,703,000,000","1,160,000,000","805,000,000","534,000,000","491,000,000","551,000,000","972,000,000","1,059,000,000","1,431,000,000","874,451,000","1,451,244,000","1,641,960,000","1,279,802,000","873,502,000","781,897,000","448,646,000","422,529,000","357,495,000","274,975,000","302,700,000","260,700,000","253,800,000","210,200,000","133,800,000","76,300,000"
			InterestExpenseForFederalFundsSoldAndSecuritiesPurchaseUnderAgreementsToResell,,,,,,,,,,,,,,,,,,,,,,,,,,"45,900,000","2,900,000"
			OtherInterestExpense,,,,,,,,,,,,,,,,,,,,,,,,"100,000",,,
	NonInterestIncome,"4,425,000,000","4,491,000,000","4,298,000,000","3,787,000,000","3,775,000,000","3,813,000,000","3,635,000,000","3,246,000,000","3,144,000,000","3,559,000,000","3,779,000,000","5,318,103,000","6,743,971,000","8,054,223,000","6,996,732,000","6,358,105,000","5,900,157,000","5,415,924,000","5,466,836,000","4,419,893,000","3,034,416,000","2,372,400,000","1,488,300,000","1,069,100,000","763,400,000","553,000,000","396,900,000"
		FeesAndCommissions,"3,904,000,000","3,912,000,000","4,166,000,000","3,381,000,000","3,245,000,000","3,184,000,000","3,051,000,000","2,982,000,000","2,684,000,000","2,023,000,000","2,080,000,000","4,291,568,000","5,721,869,000","7,065,307,000","5,979,977,000","1,493,690,000","5,126,466,000","1,630,185,000","1,937,735,000","1,598,952,000","1,644,264,000","2,228,000,000","1,401,800,000","966,600,000","678,800,000","496,000,000","46,100,000"
			FeesandCommissionIncome,"4,664,000,000","4,674,000,000","5,069,000,000","4,371,000,000","4,098,000,000","3,950,000,000","3,888,000,000","4,014,000,000","3,753,000,000","2,023,000,000","2,080,000,000","4,291,568,000","5,721,869,000","7,065,307,000","5,979,977,000","1,493,690,000","5,126,466,000","1,630,185,000","1,937,735,000","1,598,952,000","1,644,264,000","2,228,000,000","1,401,800,000","966,600,000","678,800,000","496,000,000","46,100,000"
				ServiceChargeOnDepositorAccounts,"4,664,000,000","4,674,000,000","5,069,000,000","4,371,000,000","4,098,000,000","3,950,000,000","3,888,000,000","4,014,000,000","3,753,000,000","1,979,000,000","2,073,000,000","1,997,013,000",,,,,,,,,,,,,,,
				OtherCustomerServices,,,,,,,,,,"44,000,000","7,000,000","2,294,555,000",,,,,,,,,,,,,,,
			FeesandCommissionExpense,"760,000,000","762,000,000","903,000,000","990,000,000","853,000,000","766,000,000","837,000,000","1,032,000,000","1,069,000,000",,,,,,,,,,,,,,,,,,
		TradingGainLoss,,,,,,,,,,,"1,340,000,000","501,798,000",,,,,,,,,,,,,,,
		GainLossonSaleofAssets,"132,000,000","219,000,000","-160,000,000","191,000,000","84,000,000","34,000,000","49,000,000","-31,000,000","-43,000,000",,"0","0",,,,,,,,,,,,,,,
			GainOnSaleOfSecurity,"132,000,000","219,000,000","-160,000,000","191,000,000","84,000,000","34,000,000","49,000,000","-31,000,000","-43,000,000",,"0","0",,,,,,,,,,,,,,,
		OtherNonInterestIncome,"389,000,000","360,000,000","292,000,000","215,000,000","446,000,000","595,000,000","535,000,000","295,000,000","503,000,000","1,536,000,000","1,699,000,000","524,737,000","1,022,102,000","988,916,000","1,016,755,000","4,864,415,000","773,691,000","3,785,739,000","3,529,101,000","2,820,941,000","1,390,152,000","144,400,000","86,500,000","102,500,000","84,600,000","57,000,000","350,800,000"
CreditLossesProvision,"-9,966,000,000","-6,236,000,000","-5,856,000,000","-7,551,000,000","-6,459,000,000","-4,536,000,000","-3,541,000,000","-3,453,000,000","-4,415,000,000","-2,360,000,000","-3,907,000,000","-4,230,111,000","-5,101,040,000","-2,636,502,000","-1,476,438,000","-1,491,072,000","-1,220,852,000","-1,517,497,000","-2,149,328,000","-989,836,000","-718,170,000","-382,900,000","-267,000,000","-262,800,000","-167,200,000","-65,900,000","-30,700,000"
NonInterestExpense,"14,422,000,000","14,338,000,000","13,635,000,000","12,870,000,000","12,374,000,000","11,914,000,000","11,068,000,000","11,071,000,000","10,351,000,000","9,332,000,000","7,934,000,000","7,297,659,000","7,264,687,000","7,939,773,000","6,967,193,000","5,718,273,000","5,322,219,000","4,856,723,000","4,585,581,000","4,058,027,000","3,147,657,000","2,465,000,000","1,472,100,000","884,000,000","713,200,000","497,400,000","384,300,000"
	OccupancyAndEquipment,"2,122,000,000","2,098,000,000","2,118,000,000","1,939,000,000","1,944,000,000","1,829,000,000","1,745,000,000","1,504,000,000","1,327,000,000","1,029,000,000","1,006,000,000","950,453,000","377,192,000","322,510,000","218,265,000","152,090,000","556,534,000","529,228,000","563,484,000","447,284,000","365,604,000","254,000,000","157,400,000","120,400,000","82,400,000","55,700,000","6,700,000"
		NetOccupancyExpense,,,,,,,,,,"490,000,000","486,000,000","450,871,000",,,,,,,,,,,,,,,
		Equipment,,,,,,,,,,"539,000,000","520,000,000","499,582,000",,,,,,,,,,,,,,,
	ProfessionalExpenseAndContractServicesExpense,"1,233,000,000","1,237,000,000","1,145,000,000","1,097,000,000","1,075,000,000","1,292,000,000","1,216,000,000","1,303,000,000","1,270,000,000",,,,,,,,,,,,,,,,,,
	SellingGeneralAndAdministration,"9,979,000,000","9,952,000,000","9,161,000,000","8,746,000,000","8,182,000,000","7,602,000,000","6,952,000,000","6,690,000,000","6,018,000,000","5,041,000,000","4,245,000,000","3,806,536,000","3,453,945,000","3,940,370,000","3,684,103,000","3,129,676,000","2,980,501,000","2,688,837,000","2,628,511,000","2,475,051,000","1,929,514,000","1,512,100,000","922,700,000","289,300,000","215,200,000","135,800,000","94,700,000"
		GeneralAndAdministrativeExpense,"7,731,000,000","7,678,000,000","6,987,000,000","7,076,000,000","6,371,000,000","5,858,000,000","5,391,000,000","5,317,000,000","4,654,000,000","3,704,000,000","3,287,000,000","3,218,198,000","2,335,737,000","2,592,534,000","2,239,468,000","1,749,738,000","1,642,721,000","1,570,415,000","1,557,887,000","1,392,072,000","1,023,367,000","780,200,000","476,400,000","289,300,000","215,200,000","135,800,000","94,700,000"
			SalariesAndWages,"6,442,000,000","6,388,000,000","5,727,000,000","5,899,000,000","5,202,000,000","4,975,000,000","4,593,000,000","4,432,000,000","3,876,000,000","3,023,000,000","2,594,000,000","2,477,655,000","2,335,737,000","2,592,534,000","2,239,468,000","1,749,738,000","1,642,721,000","1,570,415,000","1,557,887,000","1,392,072,000","1,023,367,000","780,200,000","476,400,000","289,300,000","215,200,000","135,800,000","94,700,000"
			OtherGandA,"1,289,000,000","1,290,000,000","1,260,000,000","1,177,000,000","1,169,000,000","883,000,000","798,000,000","885,000,000","778,000,000","681,000,000","693,000,000","740,543,000",,,,,,,,,,,,,,,
		SellingAndMarketingExpense,"2,248,000,000","2,274,000,000","2,174,000,000","1,670,000,000","1,811,000,000","1,744,000,000","1,561,000,000","1,373,000,000","1,364,000,000","1,337,000,000","958,000,000","588,338,000","1,118,208,000","1,347,836,000","1,444,635,000","1,379,938,000","1,337,780,000","1,118,422,000","1,070,624,000","1,082,979,000","906,147,000","731,900,000","446,300,000",,,,
	DepreciationAmortizationDepletionIncomeStatement,"104,000,000","112,000,000","174,000,000","245,000,000","386,000,000","430,000,000","532,000,000","671,000,000","609,000,000",,,,,,,,,,,,,,,,,,
		DepreciationAndAmortizationInIncomeStatement,"104,000,000","112,000,000","174,000,000","245,000,000","386,000,000","430,000,000","532,000,000","671,000,000","609,000,000",,,,,,,,,,,,,,,,,,
			Amortization,"104,000,000","112,000,000","174,000,000","245,000,000","386,000,000","430,000,000","532,000,000","671,000,000","609,000,000",,,,,,,,,,,,,,,,,,
				AmortizationOfIntangiblesIncomeStatement,"104,000,000","112,000,000","174,000,000","245,000,000","386,000,000","430,000,000","532,000,000","671,000,000","609,000,000",,,,,,,,,,,,,,,,,,
	OtherNonInterestExpense,"984,000,000","939,000,000","1,037,000,000","843,000,000","787,000,000","761,000,000","623,000,000","903,000,000","1,127,000,000","3,262,000,000","2,683,000,000","2,540,670,000","3,433,550,000","3,676,893,000","3,064,825,000","2,436,507,000","1,785,184,000","1,638,658,000","1,393,586,000","1,135,692,000","852,539,000","698,900,000","392,000,000","474,300,000","415,600,000","305,900,000","282,900,000"
SpecialIncomeCharges,"-359,000,000","-383,000,000","-364,000,000","-334,000,000","-331,000,000","-316,000,000","-275,000,000","-411,000,000","68,000,000","-21,000,000","-65,000,000","-151,346,000","-945,340,000","-138,237,000",,,,,,,,,,,,,
	RestructuringAndMergernAcquisition,,,,,,,,"193,000,000","336,000,000","0","0","119,395,000","134,464,000","138,237,000",,,,,,,,,,,,,
	ImpairmentOfCapitalAssets,,,,,,,"0","0","594,000,000","21,000,000","65,000,000","31,951,000",,,,,,,,,,,,,,,
	OtherSpecialCharges,"359,000,000","383,000,000","364,000,000","334,000,000","331,000,000","316,000,000","275,000,000","218,000,000","190,000,000",,,,"810,876,000",,,,,,,,,,,,,,
OtherNonOperatingIncomeExpenses,,,,,,,,,,"21,000,000","65,000,000","31,951,000",,,,,,,,,,,,,,,
PretaxIncome,"3,252,000,000","6,874,000,000","7,318,000,000","5,492,000,000","5,484,000,000","5,881,000,000","6,569,000,000","6,417,000,000","5,035,000,000","4,587,000,000","4,330,000,000","1,336,102,000","581,619,000","3,869,556,000","3,652,731,000","2,829,002,000","2,360,064,000","1,826,793,000","1,451,039,000","1,035,420,000","757,474,000","577,000,000","443,900,000","305,500,000","248,500,000","197,700,000","146,800,000"
TaxProvision,"469,000,000","1,341,000,000","1,293,000,000","3,375,000,000","1,714,000,000","1,869,000,000","2,146,000,000","2,025,000,000","1,301,000,000","1,334,000,000","1,280,000,000","349,485,000","497,102,000","1,277,837,000","1,238,238,000","1,019,855,000","816,582,000","675,914,000","551,395,000","393,455,000","287,840,000","213,900,000","168,700,000","116,100,000","93,200,000","71,200,000","51,600,000"
NetIncomeCommonStockholders,"2,424,000,000","5,192,000,000","5,710,000,000","1,704,000,000","3,513,000,000","3,872,000,000","4,343,000,000","4,089,000,000","3,487,000,000","3,121,000,000","2,743,000,000","319,873,000","-45,998,000","1,570,332,000","2,414,493,000","1,809,147,000","1,543,482,000","1,135,842,000","899,644,000","641,965,000","469,634,000","363,100,000","275,200,000","189,400,000","155,300,000","126,500,000","95,200,000"
	NetIncome,"2,794,000,000","5,546,000,000","6,015,000,000","1,982,000,000","3,751,000,000","4,050,000,000","4,428,000,000","4,159,000,000","3,517,000,000","3,147,000,000","2,743,000,000","883,781,000","-45,998,000","1,570,332,000","2,414,493,000","1,809,147,000","1,543,482,000","1,135,842,000","899,644,000","641,965,000","469,634,000","363,100,000","275,200,000","189,400,000","155,300,000","126,500,000","95,200,000"
		NetIncomeIncludingNoncontrollingInterests,"2,794,000,000","5,546,000,000","6,015,000,000","1,982,000,000","3,751,000,000","4,050,000,000","4,428,000,000","4,159,000,000","3,517,000,000","3,147,000,000","2,743,000,000","883,781,000","-45,998,000","1,570,332,000","2,414,493,000","1,809,147,000","1,543,482,000","1,135,842,000","899,644,000","641,965,000","469,634,000","363,100,000","275,200,000","189,400,000","155,300,000","126,500,000","95,200,000"
			NetIncomeContinuousOperations,"2,783,000,000","5,533,000,000","6,025,000,000","2,117,000,000","3,770,000,000","4,012,000,000","4,423,000,000","4,392,000,000","3,734,000,000","3,253,000,000","3,050,000,000","986,617,000","84,517,000","2,591,719,000","2,414,493,000","1,809,147,000","1,543,482,000","1,150,879,000","899,644,000","641,965,000","469,634,000","363,100,000","275,200,000","189,400,000","155,300,000","126,500,000","95,200,000"
			NetIncomeDiscontinuousOperations,"11,000,000","13,000,000","-10,000,000","-135,000,000","-19,000,000","38,000,000","5,000,000","-233,000,000","-217,000,000","-106,000,000","-307,000,000","-102,836,000","-130,515,000","-1,021,387,000",,,,,,,,,,,,,
			NetIncomeExtraordinary,,,,,,,,,,,,,,,,,,"-15,037,000",,,,,,,,,
	PreferredStockDividends,"285,000,000","282,000,000","265,000,000","265,000,000","214,000,000","158,000,000","67,000,000","53,000,000","15,000,000","26,000,000",,"563,908,000",,,,,,,,,,,,,,,
DilutedNIAvailtoComStockholders,"2,424,000,000","5,192,000,000","5,710,000,000","1,704,000,000","3,513,000,000","3,872,000,000","4,343,000,000","4,089,000,000","3,487,000,000","3,121,000,000","2,743,000,000","319,873,000","-45,998,000","1,570,332,000","2,414,493,000","1,809,147,000","1,543,482,000","1,135,842,000","899,644,000","641,965,000","469,634,000","363,100,000","275,200,000","189,400,000","155,300,000","126,500,000","95,200,000"
BasicEPS,,"11.1","11.9","3.52","6.96","7.15","7.71","7.05","6.21","6.85","6.07","0.75","-0.21","4.02","7.8","6.98","6.55","5.05","4.09","3.06","2.39","1.84","1.4","0.957","0.767","0.64","0.48"
DilutedEPS,,"11.05","11.82","3.49","6.89","7.07","7.59","6.96","6.16","6.8","6.01","0.74","-0.21","3.97","7.62","6.73","6.21","4.85","3.93","2.91","2.24","1.72","1.32","0.933","0.767","0.64","0.48"
BasicAverageShares,,"467,600,000","479,900,000","484,200,000","504,900,000","541,800,000","563,100,000","579,700,000","561,100,000","455,500,000","451,894,563","426,497,333","376,282,000","390,629,851","309,550,385","259,190,115","235,646,107","224,919,208","219,961,858","209,792,484","196,499,582","197,336,957","196,571,429","197,979,094","202,764,000","197,656,250","198,333,333"
DilutedAverageShares,,"469,900,000","483,100,000","488,600,000","509,800,000","548,000,000","571,900,000","587,600,000","566,500,000","459,100,000","456,405,990","432,260,811","377,667,000","395,549,622","316,862,598","268,818,276","248,547,826","234,194,227","228,917,048","220,606,529","209,658,036","211,104,651","208,484,848","202,928,571","202,764,000","197,656,250","198,333,333"
InterestIncomeAfterProvisionForLoanLoss,"13,608,000,000","17,104,000,000","17,019,000,000","14,909,000,000","14,414,000,000","14,298,000,000","14,277,000,000","14,653,000,000","12,174,000,000","10,381,000,000","8,550,000,000","3,467,004,000","2,047,675,000","3,893,343,000","3,623,192,000","2,189,170,000","1,782,126,000","1,267,592,000","569,784,000","673,554,000","870,715,000","669,700,000","427,800,000","120,300,000","198,300,000","142,100,000","134,300,000"
NetIncomeFromContinuingAndDiscontinuedOperation,"2,794,000,000","5,546,000,000","6,015,000,000","1,982,000,000","3,751,000,000","4,050,000,000","4,428,000,000","4,159,000,000","3,517,000,000","3,147,000,000","2,743,000,000","883,781,000","-45,998,000","1,570,332,000","2,414,493,000","1,809,147,000","1,543,482,000","1,150,879,000","899,644,000","641,965,000","469,634,000","363,100,000","275,200,000","189,400,000","155,300,000","126,500,000","95,200,000"
NormalizedIncome,"3,090,225,399.754","5,841,315,000","6,324,572,000","2,317,400,000","3,997,397,000","4,227,512,000","4,608,157,500","4,673,288,400","3,683,571,200","3,267,892,740.353","3,095,785,219.4","1,098,375,336.176","698,988,000","2,684,306,226.907","2,414,493,000","1,809,147,000","1,543,482,000","1,150,879,000","899,644,000","641,965,000","469,634,000","363,100,000","275,200,000","189,400,000","155,300,000","126,500,000","95,200,000"
TotalMoneyMarketInvestments,,,,,,,,,,,,,,,,,,,,,,"105,400,000","12,600,000","16,400,000","21,300,000","26,800,000","2,500,000"
ReconciledDepreciation,"3,528,000,000","3,339,000,000","2,396,000,000","2,440,000,000","2,428,000,000","2,100,000,000","2,002,000,000","2,065,000,000","1,862,000,000","600,000,000","582,000,000","682,603,000","691,430,000","678,757,000","542,090,000","425,640,000","381,852,000","384,016,000","124,072,000","337,562,000","244,823,000","172,600,000","108,200,000","46,600,000","41,900,000","37,400,000","19,900,000"
NetIncomeFromContinuingOperationNetMinorityInterest,"2,783,000,000","5,533,000,000","6,025,000,000","2,117,000,000","3,770,000,000","4,012,000,000","4,423,000,000","4,392,000,000","3,734,000,000","3,253,000,000","3,050,000,000","986,617,000","84,517,000","2,591,719,000","2,414,493,000","1,809,147,000","1,543,482,000","1,150,879,000","899,644,000","641,965,000","469,634,000","363,100,000","275,200,000","189,400,000","155,300,000","126,500,000","95,200,000"
TotalUnusualItemsExcludingGoodwill,"-359,000,000","-383,000,000","-364,000,000","-334,000,000","-331,000,000","-316,000,000","-275,000,000","-411,000,000","68,000,000","-21,000,000","-65,000,000","-151,346,000","-945,340,000","-138,237,000",,,,,,,,,,,,,
TotalUnusualItems,"-359,000,000","-383,000,000","-364,000,000","-334,000,000","-331,000,000","-316,000,000","-275,000,000","-411,000,000","68,000,000","-21,000,000","-65,000,000","-151,346,000","-945,340,000","-138,237,000",,,,,,,,,,,,,
TaxRateForCalcs,"0.144","0.195","0.177","0.4","0.313","0.318","0.327","0.316","0.258","0.291","0.296","0.262","0.35","0.33","0.339","0.361","0.346","0.37","0.38","0.38","0.38","0.371","0.38","0.38","0.375","0.36","0.351"
TaxEffectOfUnusualItems,"-51,774,600.246","-74,685,000","-64,428,000","-133,600,000","-103,603,000","-100,488,000","-89,842,500","-129,711,600","17,571,200","-6,107,259.647","-19,214,780.6","-39,587,663.824","-330,869,000","-45,649,773.093","0","0","0","0","0","0","0","0","0","0","0","0","0"