name,ttm,03/31/2020,12/31/2019,09/30/2019,06/30/2019,03/31/2019,12/31/2018,09/30/2018,06/30/2018,03/31/2018,12/31/2017,09/30/2017,06/30/2017,03/31/2017,12/31/2016,09/30/2016,06/30/2016,03/31/2016,12/31/2015,09/30/2015,06/30/2015,03/31/2015,12/31/2014,09/30/2014,06/30/2014,03/31/2014,12/31/2013,09/30/2013,06/30/2013,03/31/2013,12/31/2012,09/30/2012,06/30/2012,03/31/2012,12/31/2011,09/30/2011,06/30/2011,03/31/2011,12/31/2010,09/30/2010,06/30/2010,03/31/2010,12/31/2009,09/30/2009,06/30/2009,03/31/2009,12/31/2008,09/30/2008,06/30/2008,03/31/2008,12/31/2007,09/30/2007,06/30/2007,03/31/2007,12/31/2006,09/30/2006,06/30/2006,03/31/2006,12/31/2005,09/30/2005,06/30/2005,03/31/2005,12/31/2004,09/30/2004,06/30/2004,03/31/2004,12/31/2003,09/30/2003,06/30/2003,03/31/2003,12/31/2002,09/30/2002,06/30/2002,03/31/2002,12/31/2001,09/30/2001,06/30/2001,03/31/2001
TotalRevenue,"21,126,000,000","5,391,000,000","5,647,000,000","4,949,000,000","5,139,000,000","4,989,000,000","4,433,000,000","4,539,000,000","5,215,000,000","5,207,000,000","4,758,000,000","4,571,000,000","4,794,000,000","5,132,000,000","4,635,000,000","4,700,000,000","4,719,000,000","4,169,000,000","3,659,000,000","5,532,000,000","6,549,000,000","6,207,000,000","5,478,000,000","6,155,000,000","6,086,000,000","6,371,000,000","5,558,000,000","5,223,000,000","6,541,000,000","6,691,000,000","3,417,000,000","5,844,000,000","6,275,000,000","6,047,000,000","4,488,000,000","6,689,000,000","6,892,000,000","8,156,000,000","7,426,000,000","6,566,000,000","8,539,000,000","9,013,000,000","6,715,000,000","9,870,000,000","8,603,000,000","8,106,000,000","-4,734,000,000","2,770,000,000","8,148,680,400","3,089,457,000","5,862,701,150","6,836,676,000","13,033,405,000","11,619,742,400","10,797,912,900","8,089,897,500","8,802,914,400","21,787,393,200","14,137,374,350","15,499,506,400","14,081,998,930","17,062,366,500","12,108,774,100","11,757,047,850","13,491,495,000","16,551,303,300","1,355,480,590","15,161,220,810","15,529,397,040","16,782,524,700","22,040,823,460","14,816,411,370","14,386,778,000","19,774,612,000","19,049,980,420","15,331,012,800","20,301,916,800","21,428,342,000"
	OperatingRevenue,"21,126,000,000","5,391,000,000","5,647,000,000","4,949,000,000","5,139,000,000","4,989,000,000","4,433,000,000","4,539,000,000","5,215,000,000","5,207,000,000","4,758,000,000","4,571,000,000","4,794,000,000","5,132,000,000","4,635,000,000","4,700,000,000","4,719,000,000","4,169,000,000","3,659,000,000","5,532,000,000","6,549,000,000","6,207,000,000","5,478,000,000","6,155,000,000","6,086,000,000","6,371,000,000","5,558,000,000","5,223,000,000","6,541,000,000","6,691,000,000","3,417,000,000","5,844,000,000","6,275,000,000","6,047,000,000","4,488,000,000","6,689,000,000","6,892,000,000","8,156,000,000","7,426,000,000","6,566,000,000","8,539,000,000","9,013,000,000","6,715,000,000","9,870,000,000","8,603,000,000","8,106,000,000","-4,734,000,000","2,770,000,000","8,148,680,400","3,089,457,000","5,862,701,150","6,836,676,000","13,033,405,000","11,619,742,400","10,797,912,900","8,089,897,500","8,802,914,400","21,787,393,200","14,137,374,350","15,499,506,400","14,081,998,930","17,062,366,500","12,108,774,100","11,757,047,850","13,491,495,000","16,551,303,300","1,355,480,590","15,161,220,810","15,529,397,040","16,782,524,700","22,040,823,460","14,816,411,370","14,386,778,000","19,774,612,000","19,049,980,420","15,331,012,800","20,301,916,800","21,428,342,000"
PretaxIncome,"4,859,000,000","1,201,000,000","1,214,000,000","1,142,000,000","1,302,000,000","1,062,000,000","595,000,000","671,000,000","1,052,000,000","1,054,000,000","141,000,000","400,000,000","582,000,000","670,000,000","-2,203,000,000","222,000,000","199,000,000","-484,000,000","-6,441,000,000","852,000,000","1,656,000,000","1,511,000,000","892,000,000","1,338,000,000","-346,000,000","1,743,000,000","-333,000,000","907,000,000","1,639,000,000","1,891,000,000","432,000,000","420,000,000","1,131,000,000","198,000,000","-989,000,000","844,000,000","1,640,000,000","1,966,000,000","1,602,000,000","1,001,000,000","1,909,000,000","2,975,000,000","1,460,000,000","3,543,000,000","1,507,000,000","1,567,000,000","-11,356,000,000","-2,858,000,000","1,514,085,300","-2,598,516,000","-1,700,429,550","1,268,505,700","4,050,494,000","3,550,814,400","3,401,071,500","1,838,670,000","2,377,179,000","3,467,095,200","1,190,480,100","2,369,417,200","1,131,326,090","2,546,496,900","1,262,981,730","1,455,456,480","1,944,303,750","2,497,307,400","-3,392,026,710","2,359,995,130","1,662,271,200","1,027,060,820","-1,793,627,690","-1,734,258,960","-161,167,400","453,816,000","-1,363,841,190","-183,206,900","1,624,656,000","1,999,816,000"
TaxProvision,"872,000,000","-110,000,000","361,000,000","256,000,000","365,000,000","313,000,000","340,000,000","261,000,000","398,000,000","362,000,000","2,234,000,000","153,000,000","276,000,000","78,000,000","414,000,000","185,000,000","21,000,000","-179,000,000","-627,000,000","83,000,000","590,000,000","477,000,000","189,000,000","366,000,000","307,000,000","543,000,000","-63,000,000","365,000,000","475,000,000","510,000,000","100,000,000","101,000,000","311,000,000","-16,000,000","-397,000,000","332,000,000","271,000,000","465,000,000","405,000,000","117,000,000","187,000,000","839,000,000","461,000,000","427,000,000","-34,000,000","981,000,000","-3,177,000,000","-1,261,000,000","297,300,150","-454,244,400","-805,897,000","-32,555,600","862,379,000","821,475,200","803,890,500","368,235,000","502,393,500","860,904,000","80,020,850","437,152,300","212,684,180","630,344,700","312,831,360","114,642,120","442,057,500","569,295,000","-1,025,514,160","316,600,800","318,939,840","376,543,980","-315,704,850","409,969,380","416,965,200","87,401,600","-537,546,170","116,733,600","335,702,400","571,376,000"
NetIncomeCommonStockholders,"3,984,000,000","1,314,000,000","852,000,000","881,000,000","937,000,000","749,000,000","259,000,000","424,000,000","647,000,000","694,000,000","-2,126,000,000","244,000,000","303,000,000","596,000,000","-2,619,000,000","41,000,000","170,000,000","-302,000,000","-5,828,000,000","779,000,000","1,029,000,000","1,028,000,000","641,000,000","985,000,000","-752,000,000","785,000,000","-598,000,000","454,000,000","931,000,000","1,303,000,000","32,000,000","254,000,000","788,000,000","44,000,000","-637,000,000","683,000,000","768,000,000","1,139,000,000","841,000,000","609,000,000","1,593,000,000","2,055,000,000","793,000,000","2,354,000,000","1,571,000,000","2,006,000,000","-6,024,000,000","-1,261,000,000","1,216,785,150","-2,144,271,600","-894,532,550","1,301,061,300","3,188,115,000","2,729,339,200","4,671,016,200","1,895,032,500","2,161,517,400","2,606,191,200","1,120,569,550","1,916,744,700","917,360,680","1,910,171,700","950,086,920","1,352,029,350","1,454,793,750","1,858,431,900","-3,269,860,190","2,043,394,330","1,343,331,360","650,516,840","-956,807,050","-2,144,228,340","-578,132,600","366,414,400","-826,295,020","-299,940,500","1,288,953,600","1,428,440,000"
	NetIncome,"3,984,000,000","1,314,000,000","852,000,000","881,000,000","937,000,000","749,000,000","259,000,000","424,000,000","647,000,000","694,000,000","-2,126,000,000","244,000,000","303,000,000","596,000,000","-2,619,000,000","41,000,000","170,000,000","-302,000,000","-5,828,000,000","779,000,000","1,051,000,000","1,054,000,000","691,000,000","1,025,000,000","-700,000,000","859,000,000","-476,000,000","454,000,000","1,045,000,000","1,303,000,000","263,000,000","254,000,000","788,000,000","44,000,000","-637,000,000","683,000,000","768,000,000","1,139,000,000","841,000,000","609,000,000","1,593,000,000","2,055,000,000","793,000,000","2,354,000,000","1,571,000,000","2,006,000,000","-6,024,000,000","-1,261,000,000","1,216,785,150","-2,144,271,600","-894,532,550","1,301,061,300","3,188,115,000","2,729,339,200","4,671,016,200","1,895,032,500","2,161,517,400","2,606,191,200","1,120,569,550","1,916,744,700","917,360,680","1,910,171,700","950,086,920","1,352,029,350","1,454,793,750","1,858,431,900","-3,269,860,190","2,043,394,330","1,343,331,360","650,516,840","-956,807,050","-2,144,228,340","-578,132,600","366,414,400","-826,295,020","-299,940,500","1,288,953,600","1,428,440,000"
		NetIncomeIncludingNoncontrollingInterests,"3,987,000,000","1,311,000,000","853,000,000","886,000,000","937,000,000","749,000,000","255,000,000","410,000,000","654,000,000","692,000,000","-2,093,000,000","247,000,000","306,000,000","592,000,000","-2,617,000,000","37,000,000","178,000,000","-305,000,000","-5,814,000,000","769,000,000","1,066,000,000","1,034,000,000","693,000,000","1,078,000,000","-662,000,000","1,215,000,000","-272,000,000","692,000,000","1,164,000,000","1,381,000,000","332,000,000","319,000,000","820,000,000","214,000,000","-592,000,000","512,000,000","1,369,000,000","1,501,000,000","1,197,000,000","884,000,000","1,722,000,000","2,117,000,000","999,000,000","3,304,000,000","1,554,000,000","554,000,000","-8,710,000,000","-1,597,000,000","1,546,778,100","-2,070,878,400","1,098,957,100","2,066,117,900","4,523,214,500","3,654,106,400","5,579,393,100","2,521,282,500","2,966,572,350","3,922,330,800","1,636,941,650","2,426,324,600","1,624,599,640","2,211,588,900","1,203,734,720","1,557,637,500","2,001,746,250","1,977,351,300","-3,279,059,350","2,069,777,730","1,387,928,880","691,005,440","-976,343,710","-2,125,057,110","-628,405,000","401,711,200","-866,045,650","-163,751,300","1,373,328,000","1,475,474,000"
			NetIncomeContinuousOperations,"3,987,000,000","1,311,000,000","853,000,000","886,000,000","937,000,000","749,000,000","255,000,000","410,000,000","654,000,000","692,000,000","-2,093,000,000","247,000,000","306,000,000","592,000,000","-2,617,000,000","37,000,000","178,000,000","-305,000,000","-5,814,000,000","769,000,000","1,066,000,000","1,034,000,000","703,000,000","972,000,000","-653,000,000","1,200,000,000","-270,000,000","542,000,000","1,164,000,000","1,381,000,000","332,000,000","319,000,000","820,000,000","214,000,000","-592,000,000","512,000,000","1,369,000,000","1,501,000,000","1,197,000,000","884,000,000","1,722,000,000","2,136,000,000","999,000,000","3,116,000,000","1,541,000,000","586,000,000","-8,179,000,000","-1,597,000,000","1,216,785,150","-2,144,271,600","-894,532,550","1,301,061,300","3,188,115,000","2,729,339,200","2,597,181,000","1,470,435,000","1,874,785,500","2,606,191,200","1,110,459,250","1,932,264,900","918,641,910","1,916,152,200","950,150,370","1,340,814,360","1,502,246,250","1,928,012,400","-2,366,512,550","2,043,394,330","1,343,331,360","650,516,840","-1,477,922,840","-2,144,228,340","-578,132,600","366,414,400","-826,295,020","-299,940,500","1,288,953,600","1,428,440,000"
			NetIncomeDiscontinuousOperations,,,,,,,,,,,,,,,,,,,"0","0","0","0","-10,000,000","106,000,000","-9,000,000","15,000,000","-2,000,000","150,000,000",,,,,,,"0","0","0","0","0","0","0","-19,000,000","0","188,000,000","13,000,000","-32,000,000",,,,,,,,,"2,074,433,700","424,597,500","286,731,900","23,479,200","9,850,150","-15,520,200","-1,281,230","-20,333,700","-596,000","11,214,990","-47,452,500","-64,520,100",,,,,,,,,,,,
			NetIncomeExtraordinary,,,,,,,,,,,,,,,,,,,,,,,,,,,,,,,,,,,,,,,,,,,,,,,,,,,,,,,"-598,500",,,"-23,479,200","260,150",,,"14,353,200","532,550",,,"-5,060,400",,,,,,,,,,,,
		MinorityInterests,"-3,000,000","3,000,000","-1,000,000","-5,000,000","0","0","4,000,000","14,000,000","-7,000,000","2,000,000","-33,000,000","-3,000,000","-3,000,000","4,000,000","-2,000,000","4,000,000","-8,000,000","3,000,000","-14,000,000","10,000,000","-15,000,000","20,000,000","-2,000,000","-53,000,000","-38,000,000","-356,000,000","-204,000,000","-238,000,000","-119,000,000","-78,000,000","-69,000,000","-65,000,000","-32,000,000","-170,000,000","-45,000,000","171,000,000","-601,000,000","-362,000,000","-356,000,000","-275,000,000","-129,000,000","-62,000,000","-206,000,000","-950,000,000","17,000,000","1,452,000,000","2,686,000,000","336,000,000","-329,992,950","-73,393,200","-1,993,489,650","-765,056,600","-1,335,099,500","-924,767,200","-908,376,900","-626,250,000","-805,054,950","-1,316,139,600","-516,372,100","-509,579,900","-707,238,960","-301,417,200","-253,647,800","-205,608,150","-546,952,500","-118,919,400","9,199,160","-26,383,400","-44,597,520","-40,488,600","19,536,660","-19,171,230","50,272,400","-35,296,800","39,750,630","-136,189,200","-84,374,400","-47,034,000"
	PreferredStockDividends,,,,,,,,,,,,,,,,,,,,,,,"25,000,000",,,"28,000,000","122,000,000",,"114,000,000",,"117,000,000",,,,,,,,,,,,,,,,,,,,,,,,,,,,,,,,,,,,,,,,,,,,,,,
	OtherunderPreferredStockDividend,,,,,,,,,,,,,,,,,,,,,"22,000,000","26,000,000","25,000,000","40,000,000","52,000,000","46,000,000","10,000,000",,,,,,,,,,,,,,,,,,,,,,,,,,,,,,,,,,,,,,,,,,,,,,,,,,,
DilutedNIAvailtoComStockholders,"3,984,000,000","1,314,000,000","852,000,000","881,000,000","937,000,000","749,000,000","259,000,000","424,000,000","647,000,000","694,000,000","-2,126,000,000","244,000,000","303,000,000","596,000,000","-2,619,000,000","41,000,000","170,000,000","-302,000,000","-5,828,000,000","779,000,000","1,029,000,000","1,028,000,000","641,000,000","985,000,000","-752,000,000","785,000,000","-598,000,000","454,000,000","931,000,000","1,303,000,000","32,000,000","254,000,000","788,000,000","44,000,000","-637,000,000","683,000,000","768,000,000","1,139,000,000","841,000,000","609,000,000","1,593,000,000","2,055,000,000","793,000,000","2,354,000,000","1,571,000,000","2,006,000,000","-6,024,000,000","-1,261,000,000","1,216,785,150","-2,144,271,600","-894,532,550","1,301,061,300","3,188,115,000","2,729,339,200","4,671,016,200","1,895,032,500","2,161,517,400","2,606,191,200","1,120,569,550","1,916,744,700","917,360,680","1,910,171,700","950,086,920","1,352,029,350","1,454,793,750","1,858,431,900","-3,269,860,190","2,043,394,330","1,343,331,360","650,516,840","-956,807,050","-2,144,228,340","-578,132,600","366,414,400","-826,295,020","-299,940,500","1,288,953,600","1,428,440,000"
BasicEPS,,"0.53","0.34","0.35","0.37","0.29","0.082","0.17","0.413","0.27","-0.83","0.1","0.13","0.27","-1.081","0.019","0.077","-0.145","-3.165","0.441","0.591","0.591","0.506","0.572","-0.431","0.45","0.075","0.244","0.506","0.714","0.156","0.146","0.439","0.027",,"0.494","0.439","0.833",,"0.439","1.053","1.501",,"1.721","1.099","1.465",,"-1.117","1.084","-1.919",,"1.162","2.746","2.344",,"1.596","1.779","2.115",,"1.528","0.75","1.502",,"1.062","1.152","1.472",,"1.519","0.996","0.484",,"-1.655","-0.448","0.283",,"-0.229","0.99","1.09"
DilutedEPS,,"0.52","0.33","0.34","0.36","0.29","0.082","0.16","0.413","0.26","-0.83","0.09","0.13","0.261","-1.081","0.019","0.077","-0.145","-3.165","0.422","0.572","0.581","0.497","0.572","-0.431","0.45","0.075","0.244","0.488","0.696","0.156","0.146","0.421","0.027",,"0.485","0.439","0.824",,"0.439","1.053","1.492",,"1.657","1.08","1.465",,"-1.117","1.028","-1.919",,"1.079","2.581","2.215",,"1.531","1.706","2.024",,"1.491","0.722","1.492",,"1.053","1.079","1.353",,"1.5","0.996","0.484",,"-1.655","-0.448","0.283",,"-0.229","0.98","1.081"
BasicAverageShares,,"2,465,900,000","2,472,800,000","2,505,000,000","2,546,100,000","2,573,100,000","2,550,584,029","2,564,100,000","2,550,043,769","2,586,400,000","2,565,700,000","2,565,500,000","2,309,600,000","2,203,187,094","2,178,418,210","2,168,676,473","2,091,778,932","2,052,708,348","1,841,810,106","1,747,855,959","1,749,775,274","1,728,982,698","1,717,360,181","1,715,334,237","1,732,714,699","1,728,662,812","1,708,083,493","1,706,057,550","1,679,293,772","1,824,688,932","1,421,728,156","1,409,712,937","1,400,537,678","1,359,030,556",,"1,314,683,473","1,309,986,615","1,293,711,454",,"1,300,483,669","1,319,598,790","1,304,634,381",,"1,285,300,800","1,282,133,151","1,279,402,420",,"1,129,539,864","1,123,969,171","1,118,289,249",,"1,124,187,629","1,161,762,498","1,164,602,459",,"1,184,482,186","1,215,721,756","1,232,106,147",,"1,209,168,000","1,231,669,229","1,239,642,966",,"1,229,368,406","1,237,955,781","1,260,907,464",,"1,344,296,593","1,343,881,192","1,343,853,759",,"1,299,108,533","1,299,002,058","1,298,791,795",,"1,299,746,367","1,306,436,664","1,312,826,576"
DilutedAverageShares,,"2,527,600,000","2,559,000,000","2,570,200,000","2,596,500,000","2,621,800,000","2,550,584,029","2,619,900,000","2,550,043,769","2,653,700,000","2,565,720,000","2,626,100,000","2,354,100,000","2,264,228,404","2,178,418,210","2,226,401,446","2,140,176,710","2,052,708,348","1,841,810,106","1,807,034,831","1,798,291,286","1,762,890,592","1,745,403,502","1,735,700,299","1,732,714,699","1,735,700,299","1,710,749,208","1,709,256,407","1,707,550,350","1,824,688,932","1,427,298,849","1,417,468,215","1,438,221,776","1,373,339,591",,"1,337,075,473","1,319,271,103","1,297,862,166",,"1,306,382,049","1,326,043,317","1,312,717,347",,"1,343,192,312","1,307,802,029","1,284,973,112",,"1,129,539,864","1,183,141,242","1,118,289,249",,"1,209,714,147","1,235,055,337","1,233,963,044",,"1,239,970,654","1,267,059,512","1,288,031,532",,"1,294,257,600","1,309,112,781","1,308,457,405",,"1,306,002,026","1,370,135,071","1,387,119,759",,"1,365,785,757","1,349,258,346","1,346,054,853",,"1,299,703,207","1,304,755,496","1,306,959,320",,"1,308,332,797","1,306,436,664","1,312,826,576"
NetIncomeFromContinuingAndDiscontinuedOperation,"3,984,000,000","1,314,000,000","852,000,000","881,000,000","937,000,000","749,000,000","259,000,000","424,000,000","647,000,000","694,000,000","-2,126,000,000","244,000,000","303,000,000","596,000,000","-2,619,000,000","41,000,000","170,000,000","-302,000,000","-5,828,000,000","779,000,000","1,051,000,000","1,054,000,000","691,000,000","1,025,000,000","-700,000,000","859,000,000","-476,000,000","454,000,000","1,045,000,000","1,303,000,000","263,000,000","254,000,000","788,000,000","44,000,000","-637,000,000","683,000,000","768,000,000","1,139,000,000","841,000,000","609,000,000","1,593,000,000","2,055,000,000","793,000,000","2,354,000,000","1,571,000,000","2,006,000,000","-6,024,000,000","-1,261,000,000","1,216,785,150","-2,144,271,600","-894,532,550","1,301,061,300","3,188,115,000","2,729,339,200","4,671,614,700","1,895,032,500","2,161,517,400","2,629,670,400","1,120,309,400","1,916,744,700","917,360,680","1,895,818,500","949,554,370","1,352,029,350","1,454,793,750","1,863,492,300","-2,712,238,190","2,043,394,330","1,343,331,360","650,516,840","-1,477,922,840","-2,144,228,340","-578,132,600","366,414,400","-826,295,020","-299,940,500","1,288,953,600","1,428,440,000"
NormalizedIncome,"3,797,737,600.329","1,310,593,600","748,009,884.679","880,224,168.126","883,745,007.68","728,547,080.979","362,320,000","521,764,530.551","755,792,775.665","778,037,950.664","-2,020,929,900","316,189,000","359,692,500","723,296,000","-2,638,488,000","-76,000,000","259,400,000","-160,880,000","-2,130,215,000","803,381,000","1,051,000,000","1,052,632,000","403,091,928.251","927,712,000","-691,000,000","824,736,000","-500,763,000","297,595,000","1,049,970,000","1,303,000,000","263,000,000","254,000,000","788,000,000","44,000,000","-637,000,000","683,000,000","768,000,000","1,139,000,000","841,000,000","609,000,000","1,593,000,000","2,074,000,000","793,000,000","2,166,000,000","1,558,000,000","2,038,000,000","-5,493,000,000","-1,261,000,000","1,216,785,150","-1,496,897,998.626","-894,532,550","1,301,061,300","3,188,115,000","2,729,339,200","2,597,181,000","1,470,435,000","1,874,785,500","2,610,113,233.409","1,112,938,259.961","1,932,264,900","919,682,274.564","1,916,152,200","955,470,371.227","1,352,293,935","1,548,558,273.121","1,930,942,510.03","-394,772,689.405","1,032,548,057.194","1,343,331,360","650,516,840","-1,477,922,840","-2,065,478,826","-643,782,440","370,485,671.111","-669,589,073.206","-303,831,620","1,288,953,600","1,412,264,285.714"
InterestIncome,"19,661,000,000","4,295,000,000","4,384,000,000","5,329,000,000","5,653,000,000","4,818,000,000","5,514,000,000","4,558,000,000","5,090,000,000","4,451,000,000","4,140,000,000","4,273,000,000","4,602,000,000","4,042,000,000","3,810,000,000","4,222,000,000","4,757,000,000","4,585,000,000","4,526,000,000","4,422,000,000","5,903,000,000","4,490,000,000","4,406,000,000","4,520,000,000","5,690,000,000","4,445,000,000","4,073,000,000","4,446,000,000","6,219,000,000","4,824,000,000","4,843,000,000","4,923,000,000","7,044,000,000","5,295,000,000","5,093,000,000","5,375,000,000","7,082,000,000","5,452,000,000","5,631,000,000","6,037,000,000","8,059,000,000","5,806,000,000","5,249,000,000","5,340,000,000","7,768,000,000","6,931,000,000","10,253,000,000","11,865,000,000","13,082,228,250","12,736,695,600","14,356,311,350","16,018,517,900","16,613,621,500","14,691,768,000","12,994,885,800","12,846,892,500","13,132,075,950","12,558,763,200","11,664,211,650","10,437,334,500","10,108,904,700","8,814,060,900","7,663,657,280","7,624,947,090","7,885,856,250","7,732,291,200","10,799,424,820","5,883,498,200","6,119,320,320","5,525,344,280","6,536,724,700","7,015,195,470","7,398,914,400","7,388,796,800","8,426,766,850","10,601,680,700","11,864,476,800","11,523,330,000"
InterestExpense,"12,642,000,000","2,761,000,000","2,682,000,000","3,547,000,000","3,652,000,000","3,286,000,000","3,102,000,000","3,139,000,000","3,497,000,000","2,866,000,000","2,575,000,000","2,651,000,000","2,865,000,000","2,409,000,000","2,188,000,000","2,292,000,000","2,758,000,000","2,574,000,000","2,332,000,000","2,338,000,000","3,034,000,000","2,338,000,000","2,280,000,000","2,376,000,000","3,104,000,000","2,267,000,000","2,326,000,000","2,522,000,000","3,578,000,000","3,017,000,000","2,903,000,000","3,211,000,000","5,430,000,000","3,411,000,000","3,436,000,000","3,729,000,000","5,705,000,000","3,699,000,000","3,955,000,000","4,321,000,000","6,857,000,000","3,859,000,000","3,335,000,000","3,621,000,000","6,548,000,000","4,893,000,000","7,614,000,000","9,934,000,000","11,219,760,300","10,634,079,600","13,032,146,450","14,060,531,100","14,364,840,000","12,602,839,200","11,571,598,200","11,237,430,000","11,263,417,200","9,687,778,800","9,215,465,500","7,617,831,500","6,811,018,680","5,759,221,500","4,928,795,130","4,849,860,120","4,530,465,000","4,656,833,100","4,600,175,990","3,874,402,290","4,261,090,320","3,880,157,500","4,594,170,840","4,937,329,080","5,225,372,400","5,541,597,600","6,802,949,910","8,605,860,400","10,255,977,600","9,979,918,000"
NetInterestIncome,"7,019,000,000","1,534,000,000","1,702,000,000","1,782,000,000","2,001,000,000","1,532,000,000","2,412,000,000","1,419,000,000","1,593,000,000","1,585,000,000","1,565,000,000","1,622,000,000","1,737,000,000","1,633,000,000","1,622,000,000","1,930,000,000","1,999,000,000","2,011,000,000","2,194,000,000","2,084,000,000","2,869,000,000","2,152,000,000","2,126,000,000","2,144,000,000","2,586,000,000","2,178,000,000","1,747,000,000","1,924,000,000","2,641,000,000","1,807,000,000","1,940,000,000","1,712,000,000","1,614,000,000","1,884,000,000","1,657,000,000","1,646,000,000","1,377,000,000","1,753,000,000","1,676,000,000","1,716,000,000","1,202,000,000","1,947,000,000","1,914,000,000","1,719,000,000","1,220,000,000","2,038,000,000","2,639,000,000","1,931,000,000","1,862,467,950","2,102,616,000","1,324,164,900","1,957,986,800","2,248,781,500","2,088,928,800","1,423,287,600","1,609,462,500","1,868,658,750","2,870,984,400","2,448,746,150","2,819,503,000","3,297,886,020","3,054,839,400","2,734,862,150","2,775,086,970","3,355,391,250","3,075,458,100","6,199,248,830","2,009,095,910","1,858,230,000","1,645,186,780","1,942,553,860","2,077,866,390","2,173,542,000","1,847,199,200","1,623,816,940","1,995,820,300","1,608,499,200","1,543,412,000"
ReconciledDepreciation,"1,257,000,000","316,000,000","574,000,000","236,000,000","229,000,000","236,000,000","271,000,000","249,000,000","208,000,000","208,000,000","243,000,000","215,000,000","217,000,000","219,000,000","232,000,000","234,000,000","234,000,000","237,000,000","4,107,000,000","262,000,000","250,000,000","270,000,000","347,000,000","7,000,000",,"300,000,000","354,000,000","324,000,000","329,000,000","338,000,000","344,000,000","326,000,000","7,000,000",,"342,000,000","310,000,000",,,"294,000,000","292,000,000","293,000,000","287,000,000","315,000,000","271,000,000","270,000,000","258,000,000","471,000,000","226,911,100",,,,"210,562,100","208,814,200","223,596,800","256,718,700","207,906,150","259,656,750","305,229,600","375,558,000","482,400,640","271,352,060","410,262,300","462,660,280","332,608,470",,,,,,,,,,,,,,
NetIncomeFromContinuingOperationNetMinorityInterest,"3,984,000,000","1,314,000,000","852,000,000","881,000,000","937,000,000","749,000,000","259,000,000","424,000,000","647,000,000","694,000,000","-2,126,000,000","244,000,000","303,000,000","596,000,000","-2,619,000,000","41,000,000","170,000,000","-302,000,000","-5,828,000,000","779,000,000","1,051,000,000","1,054,000,000","701,000,000","919,000,000","-691,000,000","844,000,000","-474,000,000","304,000,000","1,045,000,000","1,303,000,000","263,000,000","254,000,000","788,000,000","44,000,000","-637,000,000","683,000,000","768,000,000","1,139,000,000","841,000,000","609,000,000","1,593,000,000","2,074,000,000","793,000,000","2,166,000,000","1,558,000,000","2,038,000,000","-5,493,000,000","-1,261,000,000","1,216,785,150","-2,144,271,600","-894,532,550","1,301,061,300","3,188,115,000","2,729,339,200","2,597,181,000","1,470,435,000","1,874,785,500","2,606,191,200","1,110,459,250","1,932,264,900","918,641,910","1,916,152,200","950,150,370","1,340,814,360","1,502,246,250","1,928,012,400","-2,366,512,550","2,043,394,330","1,343,331,360","650,516,840","-1,477,922,840","-2,144,228,340","-578,132,600","366,414,400","-826,295,020","-299,940,500","1,288,953,600","1,428,440,000"
TotalUnusualItemsExcludingGoodwill,"227,000,000","4,000,000","148,000,000","1,000,000","74,000,000","29,000,000","-126,000,000","-160,000,000","-175,000,000","-128,000,000","-139,000,000","-117,000,000","-75,000,000","-144,000,000","24,000,000","195,000,000","-100,000,000","-224,000,000","-4,095,000,000","-27,000,000",,"2,000,000","378,000,000","-12,000,000",,"28,000,000","33,000,000","7,000,000","-7,000,000",,,,,,,,,,,,,,,,,,,,,"-784,513,800",,,,,,,,"-5,217,600","-2,657,650",,"-1,281,230",,"-7,071,580","-12,461,100","-59,940,000","-3,795,300","-2,826,181,620","1,167,465,450",,,,"-131,249,190","109,416,400","-5,042,400","-258,650,990","6,485,200",,"22,646,000"
TotalUnusualItems,"227,000,000","4,000,000","148,000,000","1,000,000","74,000,000","29,000,000","-126,000,000","-160,000,000","-175,000,000","-128,000,000","-139,000,000","-117,000,000","-75,000,000","-144,000,000","24,000,000","195,000,000","-100,000,000","-224,000,000","-4,095,000,000","-27,000,000",,"2,000,000","378,000,000","-12,000,000",,"28,000,000","33,000,000","7,000,000","-7,000,000",,,,,,,,,,,,,,,,,,,,,"-784,513,800",,,,,,,,"-5,217,600","-2,657,650",,"-1,281,230",,"-7,071,580","-12,461,100","-59,940,000","-3,795,300","-2,826,181,620","1,167,465,450",,,,"-131,249,190","109,416,400","-5,042,400","-258,650,990","6,485,200",,"22,646,000"
TaxRateForCalcs,"0.179","0.148","0.297","0.224","0.28","0.295","0.18","0.389","0.378","0.343","0.244","0.383","0.244","0.116","0.188","0.4","0.106","0.37","0.097","0.097","0.356","0.316","0.212","0.274","0.085","0.312","0.189","0.085","0.29","0.27","0.231","0.24","0.275","0.085","0.085","0.393","0.165","0.237","0.253","0.117","0.098","0.282","0.316","0.121","0.085","0.085","0.28","0.085","0.196","0.175","0.085","0.085","0.213","0.231","0.236","0.2","0.211","0.248","0.067","0.184","0.188","0.248","0.248","0.079","0.227","0.228","0.302","0.134","0.192","0.367","0.176","0.4","0.4","0.193","0.394","0.4","0.207","0.286"
TaxEffectOfUnusualItems,"40,737,600.329","593,600","44,009,884.679","224,168.126","20,745,007.68","8,547,080.979","-22,680,000","-62,235,469.449","-66,207,224.335","-43,962,049.336","-33,929,900","-44,811,000","-18,307,500","-16,704,000","4,512,000","78,000,000","-10,600,000","-82,880,000","-397,215,000","-2,619,000","0","632,000","80,091,928.251","-3,288,000","0","8,736,000","6,237,000","595,000","-2,030,000","0","0","0","0","0","0","0","0","0","0","0","0","0","0","0","0","0","0","0","0","-137,140,198.626","0","0","0","0","0","0","0","-1,295,566.591","-178,640.039","0","-240,865.436","0","-1,751,578.773","-981,525","-13,627,976.879","-865,189.97","-854,441,759.405","156,619,177.194","0","0","0","-52,499,676","43,766,560","-971,128.889","-101,945,043.206","2,594,080","0","6,470,285.714"