name,ttm,12/31/2019,09/30/2019,06/30/2019,03/31/2019,12/31/2018,09/30/2018,06/30/2018,03/31/2018,12/31/2017,09/30/2017,06/30/2017,03/31/2017,12/31/2016,09/30/2016,06/30/2016,03/31/2016,12/31/2015,09/30/2015,06/30/2015,03/31/2015,12/31/2014,09/30/2014,06/30/2014,03/31/2014,12/31/2013,09/30/2013,06/30/2013,03/31/2013,12/31/2012,09/30/2012,06/30/2012,03/31/2012,12/31/2011,09/30/2011,06/30/2011,03/31/2011,12/31/2010,09/30/2010,06/30/2010,03/31/2010,12/31/2009,09/30/2009,06/30/2009,03/31/2009,12/31/2008,09/30/2008,06/30/2008,03/31/2008,12/31/2007,09/30/2007,06/30/2007,03/31/2007,12/31/2006,09/30/2006,06/30/2006,03/31/2006,12/31/2005,09/30/2005,06/30/2005,03/31/2005,12/31/2004,09/30/2004,06/30/2004,03/31/2004,12/31/2003,09/30/2003,06/30/2003,03/31/2003,12/31/2002,09/30/2002,06/30/2002,03/31/2002,12/31/2001,09/30/2001,06/30/2001,03/31/2001,12/31/2000,09/30/2000,06/30/2000,03/31/2000,12/31/1999,09/30/1999,06/30/1999,03/31/1999,12/31/1998,09/30/1998,06/30/1998,03/31/1998,12/31/1997,09/30/1997,06/30/1997,03/31/1997,12/31/1996,09/30/1996,06/30/1996,03/31/1996,12/31/1995,09/30/1995,06/30/1995,03/31/1995,12/31/1994,09/30/1994,06/30/1994,03/31/1994,12/31/1993,09/30/1993,06/30/1993,03/31/1993,12/31/1992,09/30/1992,06/30/1992,03/31/1992,12/31/1991,09/30/1991,06/30/1991,03/31/1991,12/31/1990,09/30/1990,06/30/1990,03/31/1990,12/31/1989,09/30/1989,06/30/1989,03/31/1989
TotalRevenue,"2,487,961,000","655,771,000","614,880,000","638,996,000","578,314,000","648,622,000","595,393,000","620,298,000","547,522,000","611,881,000","567,901,000","567,653,000","523,591,000","565,565,000","507,092,000","532,766,000","503,507,000","588,755,000","525,535,000","545,194,000","546,199,000","569,172,000","559,494,000","652,452,000","641,412,000","699,730,000","600,667,000","617,687,000","592,687,000","590,447,000","479,222,000","526,386,000","501,661,000","561,379,000","515,996,000","514,905,000","461,850,000","523,381,000","465,813,000","462,165,000","441,775,000","502,777,000","435,750,000","447,371,000","423,792,000","507,598,000","435,699,000","453,464,000","433,379,000","497,671,000","396,268,000","365,576,000","332,609,000","378,167,000","311,801,000","309,635,000","282,552,000","317,893,000","271,355,000","283,193,000","258,487,000","281,104,000","236,574,000","222,428,000","214,933,000","193,663,000","189,618,000","182,857,000","179,933,000","174,073,000","119,641,000","121,777,000","97,787,000","97,226,000","79,420,000","86,604,000","79,917,000","82,410,000","81,878,000","83,050,000","82,237,000","83,700,000","69,000,000","70,200,000","70,400,000","66,500,000","62,600,000","59,400,000","60,800,000","59,200,000","52,700,000","54,400,000","53,100,000","40,100,000","47,200,000","45,200,000","38,100,000","37,300,000","38,200,000","39,300,000","39,600,000","41,700,000","41,100,000","39,500,000","40,700,000","32,500,000","38,800,000","40,900,000","40,700,000","37,100,000","46,600,000","47,300,000","51,100,000","34,700,000","46,900,000","54,400,000","55,300,000","39,800,000","51,600,000","56,500,000","53,000,000","45,300,000","47,900,000","47,700,000","46,700,000"
	OperatingRevenue,"2,487,961,000","655,771,000","614,880,000","638,996,000","578,314,000","648,622,000","595,393,000","620,298,000","547,522,000","611,881,000","567,901,000","567,653,000","523,591,000","565,565,000","507,092,000","532,766,000","503,507,000","588,755,000","525,535,000","545,194,000","546,199,000","569,172,000","559,494,000","652,452,000","641,412,000","699,730,000","600,667,000","617,687,000","592,687,000","590,447,000","479,222,000","526,386,000","501,661,000","561,379,000","515,996,000","514,905,000","461,850,000","523,381,000","465,813,000","462,165,000","441,775,000","502,777,000","435,750,000","447,371,000","423,792,000","507,598,000","435,699,000","453,464,000","433,379,000","497,671,000","396,268,000","365,576,000","332,609,000","378,167,000","311,801,000","309,635,000","282,552,000","317,893,000","271,355,000","283,193,000","258,487,000","281,104,000","236,574,000","222,428,000","214,933,000","193,663,000","189,618,000","182,857,000","179,933,000","174,073,000","119,641,000","121,777,000","97,787,000","97,226,000","79,420,000","86,604,000","79,917,000","82,410,000","81,878,000","83,050,000","82,237,000","83,700,000","69,000,000","70,200,000","70,400,000","66,500,000","62,600,000","59,400,000","60,800,000","59,200,000","52,700,000","54,400,000","53,100,000","40,100,000","47,200,000","45,200,000","38,100,000","37,300,000","38,200,000","39,300,000","39,600,000","41,700,000","41,100,000","39,500,000","40,700,000","32,500,000","38,800,000","40,900,000","40,700,000","37,100,000","46,600,000","47,300,000","51,100,000","34,700,000","46,900,000","54,400,000","55,300,000","39,800,000","51,600,000","56,500,000","53,000,000","45,300,000","47,900,000","47,700,000","46,700,000"
CostOfRevenue,"1,589,216,000","410,019,000","388,804,000","408,952,000","381,441,000","407,570,000","372,875,000","393,798,000","366,331,000","373,614,000","357,118,000","368,883,000","352,816,000","356,841,000","322,616,000","347,387,000","331,604,000","364,441,000","340,041,000","362,843,000","355,103,000","369,129,000","366,066,000","436,249,000","439,260,000","468,060,000","405,965,000","416,673,000","408,980,000","396,401,000","337,806,000","362,379,000","342,387,000","373,824,000","345,359,000","345,948,000","312,881,000","349,712,000","310,096,000","307,782,000","303,791,000","329,903,000","293,435,000","302,789,000","288,032,000","335,013,000","287,908,000","296,230,000","294,910,000","333,277,000","266,448,000","247,553,000","221,222,000","250,720,000","205,783,000","204,082,000","190,491,000","206,964,000","177,840,000","182,894,000","172,718,000","180,067,000","154,725,000","146,406,000","143,338,000","125,476,000","132,601,000","126,175,000","120,901,000","119,040,000","78,442,000","78,078,000","61,632,000","62,444,000","49,233,000","53,767,000","49,906,000","48,144,000","47,342,000","49,024,000","49,749,000","51,200,000","41,700,000","42,700,000","42,400,000","43,300,000","39,000,000","35,200,000","40,300,000","36,200,000","31,500,000","32,900,000","34,000,000","30,700,000","28,600,000","28,500,000","22,000,000","28,300,000","21,300,000","23,100,000","23,500,000","24,600,000","24,400,000","22,400,000","24,400,000","26,400,000","20,400,000","24,900,000","26,400,000","27,100,000","28,100,000","27,700,000","28,500,000","27,000,000","27,100,000","31,600,000","32,100,000","33,300,000","28,300,000","31,900,000","31,400,000","20,600,000","35,300,000","29,300,000",
GrossProfit,"898,745,000","245,752,000","226,076,000","230,044,000","196,873,000","241,052,000","222,518,000","226,500,000","181,191,000","238,267,000","210,783,000","198,770,000","170,775,000","208,724,000","184,476,000","185,379,000","171,903,000","224,314,000","185,494,000","182,351,000","191,096,000","200,043,000","193,428,000","216,203,000","202,152,000","231,670,000","194,702,000","201,014,000","183,707,000","194,046,000","141,416,000","164,007,000","159,274,000","187,555,000","170,637,000","168,957,000","148,969,000","173,669,000","155,717,000","154,383,000","137,984,000","172,874,000","142,315,000","144,582,000","135,760,000","172,585,000","147,791,000","157,234,000","138,469,000","164,394,000","129,820,000","118,023,000","111,387,000","127,447,000","106,018,000","105,553,000","92,061,000","110,929,000","93,515,000","100,299,000","85,769,000","101,037,000","81,849,000","76,022,000","71,595,000","68,187,000","57,017,000","56,682,000","59,032,000","55,033,000","41,199,000","43,699,000","36,155,000","34,782,000","30,187,000","32,837,000","30,011,000","34,266,000","34,536,000","34,026,000","32,488,000","32,500,000","27,300,000","27,500,000","28,000,000","23,200,000","23,600,000","24,200,000","20,500,000","23,000,000","21,200,000","21,500,000","19,100,000","9,400,000","18,600,000","16,700,000","16,100,000","9,000,000","16,900,000","16,200,000","16,100,000","17,100,000","16,700,000","17,100,000","16,300,000","6,100,000","18,400,000","16,000,000","14,300,000","10,000,000","18,500,000","19,600,000","22,600,000","7,700,000","19,800,000","22,800,000","23,200,000","6,500,000","23,300,000","24,600,000","21,600,000","24,700,000","12,600,000","18,400,000",
OperatingExpense,"494,792,000","125,098,000","120,507,000","124,359,000","124,828,000","131,047,000","125,471,000","124,424,000","116,693,000","129,572,000","114,233,000","115,499,000","119,548,000","102,551,000","107,903,000","117,290,000","114,640,000","115,787,000","121,681,000","116,909,000","118,261,000","124,732,000","119,288,000","139,553,000","143,051,000","156,752,000","131,815,000","143,226,000","145,681,000","132,065,000","118,050,000","123,467,000","123,715,000","126,117,000","120,491,000","117,268,000","107,286,000","116,444,000","107,631,000","110,955,000","106,900,000","114,679,000","106,097,000","100,819,000","104,617,000","114,612,000","99,601,000","107,562,000","97,742,000","103,249,000","85,332,000","79,614,000","76,245,000","81,766,000","68,767,000","72,476,000","67,442,000","66,053,000","61,074,000","67,113,000","58,290,000","66,676,000","56,384,000","50,379,000","46,345,000","40,507,000","36,149,000","39,245,000","35,687,000","33,747,000","28,648,000","28,621,000","23,241,000","23,053,000","19,089,000","19,771,000","18,746,000","21,221,000","21,514,000","19,997,000","20,399,000","22,900,000","6,600,000","17,200,000","17,400,000","16,700,000","13,500,000","13,200,000","11,900,000","13,400,000","12,700,000","12,400,000","12,900,000","8,100,000","12,400,000","9,600,000","11,400,000","10,500,000","10,700,000","11,000,000","11,100,000","9,400,000","10,600,000","10,500,000","10,600,000","32,900,000","14,100,000","11,900,000","11,500,000","9,400,000","12,100,000","12,800,000","13,400,000","12,400,000","13,100,000","13,600,000","12,700,000","-7,500,000","36,000,000","12,600,000","14,300,000","22,600,000","10,600,000","12,400,000",
	SellingGeneralAndAdministration,"422,272,000","107,081,000","102,145,000","105,459,000","107,587,000","111,756,000","111,232,000","109,370,000","100,752,000","114,638,000","99,658,000","99,998,000","104,250,000","88,426,000","93,832,000","102,054,000","99,480,000","100,583,000","106,631,000","101,588,000","102,999,000","108,040,000","102,379,000","121,932,000","124,702,000","137,443,000","115,761,000","127,323,000","128,073,000","116,318,000","104,783,000","108,116,000","108,368,000","110,433,000","102,786,000","102,139,000","93,689,000","103,207,000","94,413,000","97,117,000","93,062,000","100,182,000","92,273,000","87,619,000","91,493,000","101,805,000","88,646,000","94,545,000","84,906,000","90,801,000","72,677,000","68,127,000","64,906,000","71,038,000","61,591,000","61,049,000","57,446,000","55,677,000","52,472,000","55,545,000","50,975,000","56,760,000","47,941,000","42,583,000","38,133,000","36,501,000","30,732,000","33,473,000","30,382,000","29,727,000","25,556,000","25,907,000","21,930,000","24,829,000","17,832,000","18,746,000","17,849,000","18,562,000","16,372,000","14,956,000","15,452,000","18,500,000","2,700,000","13,800,000","13,400,000","14,300,000","10,400,000","10,400,000","9,200,000","10,900,000","10,000,000","9,700,000","9,800,000","5,900,000","10,200,000","7,300,000","9,200,000","8,800,000","7,900,000","8,500,000","8,600,000","6,600,000","7,900,000","7,800,000","7,900,000","30,400,000","8,100,000","8,900,000","8,500,000","6,600,000","9,100,000","9,700,000","10,400,000","9,400,000","10,000,000","10,500,000","9,600,000","-10,400,000","33,000,000","9,700,000","11,300,000","20,000,000","9,100,000","9,500,000",
		GeneralAndAdministrativeExpense,"301,411,000","76,523,000","74,012,000","74,766,000","76,110,000","79,661,000","80,871,000","76,705,000","69,232,000","80,967,000","70,840,000","71,438,000","75,297,000","62,223,000","67,559,000","72,928,000","69,854,000","69,541,000","76,384,000","72,483,000","71,911,000","75,539,000","71,720,000","84,885,000","85,064,000","97,822,000","77,742,000","88,423,000","91,277,000","84,495,000","76,774,000","75,228,000","75,887,000","81,072,000","71,868,000","72,203,000","64,466,000","75,334,000","66,853,000","68,597,000","65,242,000","72,680,000","66,866,000","60,204,000","65,630,000",,,,,,,,,,,,,,,,,,,,,,,,,,,,,,,,,,,,,,,,,,,,,,,,,,,,,,,,,,,,,,,,,,,,,,,,,,,,,,,,
			OtherGandA,"301,411,000","76,523,000","74,012,000","74,766,000","76,110,000","79,661,000","80,871,000","76,705,000","69,232,000","80,967,000","70,840,000","71,438,000","75,297,000","62,223,000","67,559,000","72,928,000","69,854,000","69,541,000","76,384,000","72,483,000","71,911,000","75,539,000","71,720,000","84,885,000","85,064,000","97,822,000","77,742,000","88,423,000","91,277,000","84,495,000","76,774,000","75,228,000","75,887,000","81,072,000","71,868,000","72,203,000","64,466,000","75,334,000","66,853,000","68,597,000","65,242,000","72,680,000","66,866,000","60,204,000","65,630,000",,,,,,,,,,,,,,,,,,,,,,,,,,,,,,,,,,,,,,,,,,,,,,,,,,,,,,,,,,,,,,,,,,,,,,,,,,,,,,,,
		SellingAndMarketingExpense,"120,861,000","30,558,000","28,133,000","30,693,000","31,477,000","32,095,000","30,361,000","32,665,000","31,520,000","33,671,000","28,818,000","28,560,000","28,953,000","26,203,000","26,273,000","29,126,000","29,626,000","31,042,000","30,247,000","29,105,000","31,088,000","32,501,000","30,659,000","37,047,000","39,638,000","39,621,000","38,019,000","38,900,000","36,796,000","31,823,000","28,009,000","32,888,000","32,481,000","29,361,000","30,918,000","29,936,000","29,223,000","27,873,000","27,560,000","28,520,000","27,820,000","27,502,000","25,407,000","27,415,000","25,863,000",,,,,,,,,,,,,,,,,,,,,,,,,,,,,,,,,,,,,,,,,,,,,,,,,,,,,,,,,,,,,,,,,,,,,,,,,,,,,,,,
	ResearchAndDevelopment,"72,520,000","18,017,000","18,362,000","18,900,000","17,241,000","19,291,000","14,239,000","15,054,000","15,941,000","14,934,000","14,575,000","15,501,000","15,298,000","14,125,000","14,071,000","15,236,000","15,160,000","15,204,000","15,050,000","15,321,000","15,262,000","16,692,000","16,909,000","17,621,000","18,349,000","19,309,000","16,054,000","15,903,000","17,608,000","15,747,000","13,267,000","15,351,000","15,347,000","15,684,000","17,705,000","15,129,000","13,597,000","13,237,000","13,218,000","13,838,000","13,838,000","14,497,000","13,824,000","13,200,000","13,124,000","12,807,000","10,955,000","13,017,000","12,836,000","12,448,000","12,655,000","11,487,000","11,339,000","10,310,000","7,227,000","11,333,000","9,971,000","9,369,000","8,504,000","11,580,000","10,228,000","9,416,000","8,443,000","7,754,000","8,212,000","5,617,000","5,417,000","5,772,000","5,305,000","4,020,000","3,092,000","2,714,000","1,311,000","1,204,000","1,257,000","1,025,000","897,000","-804,000","1,373,000","1,486,000","1,388,000","600,000","500,000","600,000","1,100,000","400,000","300,000","300,000","300,000","500,000","500,000","300,000","600,000",,,,,,,,,,,,,,,,,,,,,,,,,,,,,,,,
	DepreciationAmortizationDepletionIncomeStatement,,,,,,,,,,,,,,,,,,,,,,,,,,,,,,,,,,,,,,,,,,,,,,,,,,,,,,,,,,,,,,,,,,,,,,,,,,,,,,"3,463,000","3,769,000","3,555,000","3,559,000","3,800,000","3,400,000","2,800,000","2,900,000","2,000,000","2,800,000","2,500,000","2,400,000","2,000,000","2,200,000","2,400,000","2,500,000","2,200,000","2,200,000","2,300,000","2,200,000","1,700,000","2,800,000","2,500,000","2,500,000","2,800,000","2,700,000","2,700,000","2,700,000","2,500,000","6,000,000","3,000,000","3,000,000","2,800,000","3,000,000","3,100,000","3,000,000","3,000,000","3,100,000","3,100,000","3,100,000","2,900,000","3,000,000","2,900,000","3,000,000","2,600,000","1,500,000","2,900,000",
		DepreciationAndAmortizationInIncomeStatement,,,,,,,,,,,,,,,,,,,,,,,,,,,,,,,,,,,,,,,,,,,,,,,,,,,,,,,,,,,,,,,,,,,,,,,,,,,,,,"3,463,000","3,769,000","3,555,000","3,559,000","3,800,000","3,400,000","2,800,000","2,900,000","2,000,000","2,800,000","2,500,000","2,400,000","2,000,000","2,200,000","2,400,000","2,500,000","2,200,000","2,200,000","2,300,000","2,200,000","1,700,000","2,800,000","2,500,000","2,500,000","2,800,000","2,700,000","2,700,000","2,700,000","2,500,000","6,000,000","3,000,000","3,000,000","2,800,000","3,000,000","3,100,000","3,000,000","3,000,000","3,100,000","3,100,000","3,100,000","2,900,000","3,000,000","2,900,000","3,000,000","2,600,000","1,500,000","2,900,000",
	OtherOperatingExpenses,,,,,,,,,,,,,,,,,,,,,,,,,,,,,,,,,,,,,,,,,,,,,,,,,,,,,,"418,000","-51,000","94,000","25,000","1,007,000","98,000","-12,000","-2,913,000",,,"42,000",,,,,,,,,,,,,,,,,,,,,,,,,,,,,,,,,,,,,,,,,,,,,,,,,,,,,,,,,,,,,
OperatingIncome,"403,953,000","120,654,000","105,569,000","105,685,000","72,045,000","110,005,000","97,047,000","102,076,000","64,498,000","108,695,000","96,550,000","83,271,000","51,227,000","106,173,000","76,573,000","68,089,000","57,263,000","108,527,000","63,813,000","65,442,000","72,835,000","75,311,000","74,140,000","76,650,000","59,101,000","74,918,000","62,887,000","57,788,000","38,026,000","61,981,000","23,366,000","40,540,000","35,559,000","61,438,000","50,146,000","51,689,000","41,683,000","57,225,000","48,086,000","43,428,000","31,084,000","58,195,000","36,218,000","43,763,000","31,143,000","57,973,000","48,190,000","49,672,000","40,727,000","61,145,000","44,488,000","38,409,000","35,142,000","45,681,000","37,251,000","33,077,000","24,619,000","44,876,000","32,441,000","33,186,000","27,479,000","34,361,000","25,465,000","25,643,000","25,250,000","27,680,000","20,868,000","17,437,000","23,345,000","21,286,000","12,551,000","15,078,000","12,914,000","11,729,000","11,098,000","13,066,000","11,265,000","13,045,000","13,022,000","14,029,000","12,089,000","9,600,000","20,700,000","10,300,000","10,600,000","6,500,000","10,100,000","11,000,000","8,600,000","9,600,000","8,500,000","9,100,000","6,200,000","1,300,000","6,200,000","7,100,000","4,700,000","-1,500,000","6,200,000","5,200,000","5,000,000","7,700,000","6,100,000","6,600,000","5,700,000","-26,800,000","4,300,000","4,100,000","2,800,000","600,000","6,400,000","6,800,000","9,200,000","-4,700,000","6,700,000","9,200,000","10,500,000","14,000,000","-12,700,000","12,000,000","7,300,000","2,100,000","2,000,000","6,000,000","46,700,000"
NetNonOperatingInterestIncomeExpense,"-31,347,000","-8,164,000","-7,951,000","-7,960,000","-7,272,000","-8,264,000","-7,949,000","-9,566,000","-8,204,000","-9,887,000","-10,457,000","-10,750,000","-10,377,000","-10,554,000","-10,488,000","-10,273,000","-9,933,000","-9,085,000","-8,972,000","-8,985,000","-8,996,000","-8,740,000","-9,013,000","-8,988,000","-9,054,000","-9,339,000","-9,690,000","-9,332,000","-8,659,000","-6,673,000","-6,648,000","-6,526,000","-6,482,000","-5,713,000","-5,033,000","-4,967,000","-5,121,000","-4,925,000","-5,815,000","-5,700,000","-5,667,000","-5,661,000","-5,923,000","-6,542,000","-6,940,000",,,,,,,,,,,,,,,,,,,,,,,,,,,,,,,,,,,,,,,,,,,,,,,,,,,,,,,,,,,,,,,,,,,,,,,,,,,,,,,,
	InterestExpenseNonOperating,"31,347,000","8,164,000","7,951,000","7,960,000","7,272,000","8,264,000","7,949,000","9,566,000","8,204,000","9,887,000","10,457,000","10,750,000","10,377,000","10,554,000","10,488,000","10,273,000","9,933,000","9,085,000","8,972,000","8,985,000","8,996,000","8,740,000","9,013,000","8,988,000","9,054,000","9,339,000","9,690,000","9,332,000","8,659,000","6,673,000","6,648,000","6,526,000","6,482,000","5,713,000","5,033,000","4,967,000","5,121,000","4,925,000","5,815,000","5,700,000","5,667,000","5,661,000","5,923,000","6,542,000","6,940,000",,,,,,,,,,,,,,,,,,,,,,,,,,,,,,,,,,,,,,,,,,,,,,,,,,,,,,,,,,,,,,,,,,,,,,,,,,,,,,,,
OtherIncomeExpense,"23,856,000","6,152,000","6,355,000","5,871,000","5,478,000","4,099,000","3,843,000","3,971,000","4,683,000","524,000","321,000","190,000","312,000","293,000","483,000","101,000","234,000","10,000","161,000","-37,000","481,000","429,000","-158,000","64,000","65,000","278,000","378,000","224,000","474,000","132,000","-119,000","130,000","102,000","817,000","-35,000","29,000","56,000","-43,000","86,000","384,000","152,000","349,000","309,000","47,000","301,000","516,000","371,000","224,000","474,000","788,000","231,000","466,000","884,000","-825,000","33,000","-85,000","279,000","-287,000","181,000","-564,000","2,789,000","-424,000","185,000","251,000","-489,000","238,000","436,000","1,043,000","283,000","626,000","6,062,000","2,702,000","2,326,000","47,279,000","3,925,000","4,232,000","3,763,000","3,210,000","5,272,000","3,670,000","3,377,000","5,000,000","2,700,000","3,200,000","2,700,000","6,800,000","1,500,000","1,300,000","2,100,000","2,200,000","3,400,000","1,900,000","1,500,000","2,900,000","800,000","1,200,000","500,000","9,500,000","1,100,000","1,300,000","1,200,000","500,000","800,000","900,000","1,000,000",,,"2,700,000","3,300,000","8,600,000","1,000,000","1,700,000","200,000","11,600,000","100,000","100,000","100,000",,"200,000",,"-2,300,000","1,600,000","13,200,000","4,300,000",
	SpecialIncomeCharges,,,,,,,,,,,,,,,,,,,,,,,,,,,,,,,"-119,000","130,000","102,000","817,000","-35,000","29,000","56,000","-43,000","86,000","384,000","152,000","349,000","309,000","47,000","301,000","516,000","371,000","224,000","474,000","788,000","231,000","466,000","884,000","-825,000","33,000","-85,000","279,000","-287,000","181,000","-564,000","2,789,000","-424,000","185,000","251,000","-489,000","238,000","436,000","1,043,000","283,000","626,000","6,062,000","2,702,000","2,326,000","47,279,000","3,925,000","4,232,000","3,763,000","3,210,000","5,272,000","3,670,000","3,377,000","5,000,000","2,700,000","3,200,000","2,700,000","6,800,000","1,500,000","1,300,000","2,100,000","2,200,000","3,400,000","1,900,000","1,500,000","2,900,000","800,000","1,200,000","500,000","9,500,000","1,100,000","1,300,000","1,200,000","500,000","800,000","900,000","1,000,000",,,"2,700,000","3,300,000","8,600,000","1,000,000","1,700,000","200,000","11,600,000","100,000","100,000","100,000",,"200,000",,"-2,300,000","1,600,000","13,200,000","4,300,000",
	OtherNonOperatingIncomeExpenses,"23,856,000","6,152,000","6,355,000","5,871,000","5,478,000","4,099,000","3,843,000","3,971,000","4,683,000","524,000","321,000","190,000","312,000","293,000","483,000","101,000","234,000","10,000","161,000","-37,000","481,000","429,000","-158,000","64,000","65,000","278,000","378,000","224,000","474,000",,,,,,,,,,,,,,,,,,,,,,,,,,,,,,,,,,,,,,,,,,,,,,,,,,,,,,,,,,,,,,,,,,,,,,,,,,,,,,,,,,,,,,,,,,,,,,,,
PretaxIncome,"396,462,000","118,642,000","103,973,000","103,596,000","70,251,000","105,840,000","92,941,000","96,481,000","60,977,000","99,332,000","86,414,000","72,711,000","41,162,000","95,912,000","66,568,000","57,917,000","47,564,000","99,452,000","55,002,000","56,420,000","64,320,000","67,000,000","64,969,000","67,726,000","50,112,000","65,857,000","53,575,000","48,680,000","29,841,000","55,440,000","16,599,000","34,144,000","29,179,000","56,542,000","45,078,000","46,751,000","36,618,000","52,257,000","42,357,000","38,112,000","25,569,000","52,883,000","30,604,000","37,268,000","24,504,000","50,814,000","41,950,000","42,720,000","33,618,000","53,467,000","37,007,000","33,171,000","30,526,000","39,483,000","31,512,000","27,138,000","19,489,000","39,606,000","27,808,000","27,832,000","23,052,000","30,824,000","22,515,000","22,918,000","22,496,000","23,550,000","20,191,000","17,538,000","22,777,000","21,141,000","18,233,000","17,314,000","15,047,000","55,765,000","14,751,000","16,902,000","14,779,000","15,678,000","17,900,000","17,303,000","15,090,000","14,400,000","23,000,000","13,100,000","12,900,000","13,200,000","11,500,000","12,300,000","10,600,000","11,600,000","11,900,000","10,800,000","7,700,000","4,000,000","6,900,000","8,100,000","5,000,000","7,900,000","7,200,000","6,300,000","6,100,000","8,100,000","6,800,000","7,400,000","6,600,000","-15,500,000","4,200,000","6,700,000","6,000,000","8,800,000","7,100,000","7,800,000","9,100,000","6,400,000","6,500,000","8,800,000","10,200,000","5,600,000","-13,300,000","11,100,000",,"3,100,000","14,500,000","9,600,000",
TaxProvision,"88,879,000","29,234,000","21,463,000","23,524,000","14,658,000","23,005,000","18,458,000","21,693,000","17,334,000","31,582,000","22,470,000","22,061,000","8,615,000","25,244,000","20,636,000","17,954,000","14,745,000","28,690,000","16,860,000","16,299,000","21,097,000","20,636,000","20,659,000","21,917,000","14,948,000","18,550,000","17,214,000","15,310,000","8,898,000","17,271,000","5,156,000","11,309,000","9,337,000","16,791,000","10,718,000","14,955,000","12,102,000","15,676,000","14,573,000","12,214,000","9,234,000","18,036,000","10,489,000","12,814,000","8,699,000","17,803,000","14,427,000","15,643,000","11,839,000","15,208,000","11,832,000","11,781,000","11,023,000","12,640,000","11,156,000","6,046,000","7,211,000","14,302,000","10,289,000","9,898,000","8,529,000","10,411,000","7,795,000","8,594,000","6,887,000","8,796,000","7,672,000","6,665,000","8,655,000","7,449,000","6,921,000","6,498,000","5,731,000","21,292,000","6,028,000","6,437,000","5,560,000","5,556,000","6,821,000","6,659,000","5,861,000","5,600,000","9,000,000","4,800,000","4,900,000","5,200,000","4,700,000","4,600,000","4,000,000","3,800,000","3,800,000","3,700,000","2,700,000","900,000","2,500,000","2,900,000","1,700,000","2,900,000","2,200,000","2,100,000","2,100,000","2,200,000","2,600,000","2,100,000","2,300,000","-1,700,000","1,500,000","2,400,000","2,200,000","4,300,000","2,300,000","2,200,000","2,200,000","2,100,000","2,300,000","2,900,000","3,400,000","1,500,000","-4,500,000","3,400,000",,"4,500,000","5,500,000","2,500,000",
NetIncomeCommonStockholders,"307,583,000","89,408,000","82,510,000","80,072,000","55,593,000","82,835,000","74,483,000","74,788,000","43,643,000","67,750,000","63,944,000","50,650,000","32,547,000","68,615,000","45,932,000","39,963,000","32,819,000","69,849,000","33,884,000","25,737,000","15,991,000","16,750,000","25,033,000","36,391,000","35,164,000","47,307,000","36,361,000","33,370,000","20,943,000","38,493,000","11,299,000","22,740,000","41,312,000","39,751,000","34,360,000","31,796,000","24,516,000","36,581,000","27,784,000","25,898,000","16,335,000","34,847,000","20,115,000","24,454,000","15,805,000","33,011,000","27,523,000","27,077,000","21,779,000","38,259,000","25,175,000","21,390,000","19,503,000","26,843,000","20,356,000","21,092,000","12,278,000","25,304,000","17,519,000","17,934,000","14,523,000","20,413,000","14,720,000","14,324,000","15,609,000","14,754,000","12,519,000","10,873,000","14,122,000","13,692,000","11,312,000","10,816,000","9,316,000","34,473,000","8,723,000","10,465,000","9,219,000","10,122,000","11,079,000","10,644,000","9,229,000","8,800,000","14,000,000","8,300,000","8,000,000","8,000,000","6,800,000","7,700,000","6,600,000","7,800,000","8,100,000","7,100,000","5,000,000","3,100,000","4,400,000","5,200,000","3,300,000","5,000,000","5,000,000","4,200,000","4,000,000","5,900,000","4,200,000","5,300,000","4,000,000","-13,800,000","2,700,000","4,300,000","1,100,000","4,500,000","4,800,000","5,600,000","6,900,000","4,300,000","4,200,000","5,900,000","6,800,000","4,100,000","-8,800,000","7,700,000","3,900,000","-1,400,000","9,000,000","7,100,000",
	NetIncome,"307,583,000","89,408,000","82,510,000","80,072,000","55,593,000","82,835,000","74,483,000","74,788,000","43,643,000","67,750,000","63,944,000","50,650,000","32,547,000","68,615,000","45,932,000","39,963,000","32,819,000","69,849,000","33,884,000","25,737,000","15,991,000","16,750,000","25,033,000","36,391,000","35,164,000","47,307,000","36,361,000","33,370,000","20,943,000","38,493,000","11,299,000","22,740,000","41,312,000","39,751,000","34,360,000","31,796,000","24,516,000","36,581,000","27,784,000","25,898,000","16,335,000","34,847,000","20,115,000","24,454,000","15,805,000","33,011,000","27,523,000","27,077,000","21,779,000","38,259,000","25,175,000","21,390,000","19,503,000","26,843,000","20,356,000","21,092,000","12,278,000","25,304,000","17,519,000","17,934,000","14,523,000","20,413,000","14,720,000","14,324,000","15,609,000","14,754,000","12,519,000","10,873,000","14,122,000","13,692,000","11,312,000","10,816,000","9,316,000","34,473,000","8,723,000","10,465,000","9,219,000","10,122,000","11,079,000","10,644,000","9,229,000","8,800,000","14,000,000","8,300,000","8,000,000","8,000,000","6,800,000","7,700,000","6,600,000","7,800,000","8,100,000","7,100,000","5,000,000","3,100,000","4,400,000","5,200,000","3,300,000","5,000,000","5,000,000","4,200,000","4,000,000","5,900,000","4,200,000","5,300,000","4,000,000","-13,800,000","2,700,000","4,300,000","1,100,000","4,500,000","4,800,000","5,600,000","6,900,000","4,300,000","4,200,000","5,900,000","6,800,000","4,100,000","-8,800,000","7,700,000","3,900,000","-1,400,000","9,000,000","7,100,000",
		NetIncomeIncludingNoncontrollingInterests,"307,583,000","89,408,000","82,510,000","80,072,000","55,593,000","82,835,000","74,483,000","74,788,000","43,643,000","67,750,000","63,944,000","50,650,000","32,547,000","68,615,000","45,932,000","39,963,000","32,819,000","69,849,000","33,884,000","25,737,000","15,991,000","16,750,000","25,033,000","36,391,000","35,164,000","47,307,000","36,361,000","33,370,000","20,943,000","38,493,000","11,299,000","22,740,000","41,312,000","39,751,000","34,360,000","31,796,000","24,516,000","36,581,000","27,784,000","25,898,000","16,335,000","34,847,000","20,115,000","24,454,000","15,805,000","33,011,000","27,523,000","27,077,000","21,779,000","38,259,000","25,175,000","21,390,000","19,503,000","26,843,000","20,356,000","21,092,000","12,278,000","25,304,000","17,519,000","17,934,000","14,523,000","20,413,000","14,720,000","14,324,000","15,609,000","14,754,000","12,519,000","10,873,000","14,122,000","13,692,000","11,312,000","10,816,000","9,316,000","34,473,000","8,723,000","10,465,000","9,219,000","10,122,000","11,079,000","10,644,000","9,229,000","8,800,000","14,000,000","8,300,000","8,000,000","8,000,000","6,800,000","7,700,000","6,600,000","7,800,000","8,100,000","7,100,000","5,000,000","3,100,000","4,400,000","5,200,000","3,300,000","5,000,000","5,000,000","4,200,000","4,000,000","5,900,000","4,200,000","5,300,000","4,000,000","-13,800,000","2,700,000","4,300,000","1,100,000","4,500,000","4,800,000","5,600,000","6,900,000","4,300,000","4,200,000","5,900,000","6,800,000","4,100,000","-8,800,000","7,700,000","3,900,000","-1,400,000","9,000,000","7,100,000","5,500,000"
			NetIncomeContinuousOperations,"307,583,000","89,408,000","82,510,000","80,072,000","55,593,000","82,835,000","74,483,000","74,788,000","43,643,000","67,750,000","63,944,000","50,650,000","32,547,000","70,668,000","45,932,000","39,963,000","32,819,000","70,762,000","38,142,000","40,121,000","43,223,000","46,364,000","44,310,000","45,809,000","35,164,000","47,307,000","36,361,000","33,370,000","20,943,000","38,169,000","11,443,000","22,835,000","19,842,000","39,751,000","34,360,000","31,796,000","24,516,000","36,581,000","27,784,000","25,898,000","16,335,000","34,847,000","20,115,000","24,454,000","15,805,000","33,011,000","27,523,000","27,077,000","21,779,000","38,259,000","25,175,000","21,390,000","19,503,000","26,843,000","20,356,000","21,092,000","12,278,000","25,304,000","17,519,000","17,934,000","14,523,000","20,413,000","14,720,000","14,324,000","15,609,000","14,754,000","12,519,000","10,873,000","14,122,000","13,692,000","11,312,000","10,816,000","9,316,000","34,473,000","8,723,000","10,465,000","9,219,000","10,122,000","11,079,000","10,644,000","9,229,000","8,800,000","14,000,000","8,300,000","8,000,000","8,000,000","6,800,000","7,700,000","6,600,000","7,800,000","8,100,000","7,100,000","5,000,000","3,100,000","4,400,000","5,200,000","3,300,000","5,000,000","5,000,000","4,200,000","4,000,000","5,900,000","4,200,000","5,300,000","4,300,000","-13,800,000","2,700,000","4,300,000","3,800,000","4,500,000","4,800,000","5,600,000","6,900,000","4,300,000","4,200,000","5,900,000","6,800,000","4,100,000","-8,800,000","7,700,000","3,900,000","-1,400,000","9,000,000","7,100,000","5,500,000"
			NetIncomeDiscontinuousOperations,,,,,,,,,,,,,,"-2,053,000","0","0","0","-913,000","-4,258,000","-14,384,000","-27,232,000","-29,614,000","-19,277,000","-9,418,000",,"0","0","0","0","324,000","-144,000","-95,000","21,470,000",,,,,,,,,,,,,,,,,,,,,,,,,,,,,,,,,,,,,,,,,,,,,,,,,,,,,,,,,,,,,,,,,,,,,,,,,,,,,,,,,,,,,,,,,,,,
			NetIncomeExtraordinary,,,,,,,,,,,,,,,,,,,,,,,,,,,,,,,,,,,,,,,,,,,,,,,,,,,,,,,,,,,,,,,,,,,,,,,,,,,,,,,,,,,,,,,,,,,,,,,,,,,,,,"0",,,"-300,000","0",,,"-2,700,000",,,,,,,,,,,,,,,,
DilutedNIAvailtoComStockholders,"307,583,000","89,408,000","82,510,000","80,072,000","55,593,000","82,835,000","74,483,000","74,788,000","43,643,000","67,750,000","63,944,000","50,650,000","32,547,000","68,615,000","45,932,000","39,963,000","32,819,000","69,849,000","33,884,000","25,737,000","15,991,000","16,750,000","25,033,000","36,391,000","35,164,000","47,307,000","36,361,000","33,370,000","20,943,000","38,493,000","11,299,000","22,740,000","41,312,000","39,751,000","34,360,000","31,796,000","24,516,000","36,581,000","27,784,000","25,898,000","16,335,000","34,847,000","20,115,000","24,454,000","15,805,000","33,011,000","27,523,000","27,077,000","21,779,000","38,259,000","25,175,000","21,390,000","19,503,000","26,843,000","20,356,000","21,092,000","12,278,000","25,304,000","17,519,000","17,934,000","14,523,000","20,413,000","14,720,000","14,324,000","15,609,000","14,754,000","12,519,000","10,873,000","14,122,000","13,692,000","11,312,000","10,816,000","9,316,000","34,473,000","8,723,000","10,465,000","9,219,000","10,122,000","11,079,000","10,644,000","9,229,000","8,800,000","14,000,000","8,300,000","8,000,000","8,000,000","6,800,000","7,700,000","6,600,000","7,800,000","8,100,000","7,100,000","5,000,000","3,100,000","4,400,000","5,200,000","3,300,000","5,000,000","5,000,000","4,200,000","4,000,000","5,900,000","4,200,000","5,300,000","4,000,000","-13,800,000","2,700,000","4,300,000","1,100,000","4,500,000","4,800,000","5,600,000","6,900,000","4,300,000","4,200,000","5,900,000","6,800,000","4,100,000","-8,800,000","7,700,000","3,900,000","-1,400,000","9,000,000","7,100,000",
BasicEPS,,"2.09","1.93","1.87","1.3","1.91","1.7","1.69","0.99","1.54","1.45","1.15","0.74","1.55","1.04","0.9","0.74","1.54","0.73","0.54","0.34",,"0.52","0.76","0.73","1","0.77","0.71","0.45",,"0.24","0.49","0.88",,"0.74","0.69","0.53",,"0.61","0.57","0.36",,"0.44","0.54","0.35",,"0.61","0.61","0.49",,"0.57","0.48","0.44",,"0.46","0.48","0.28",,"0.405","0.415","0.34",,"0.345","0.34","0.375",,"0.303","0.265","0.343",,"0.275","0.265","0.23",,"0.218","0.26","0.23",,"0.278","0.265","0.23",,"0.345","0.205","0.198",,"0.165","0.19","0.163",,"0.198","0.173","0.123",,"0.11","0.128","0.083",,"0.123","0.105","0.1",,"0.103","0.133","0.1",,"0.068","0.108","0.028",,"0.118","0.14","0.17",,"0.105","0.148","0.17",,"-0.22","0.183","0.11",,"0.333","0.188","0.138"
DilutedEPS,,"2.08","1.92","1.86","1.29","1.89","1.68","1.68","0.98","1.52","1.43","1.13","0.73","1.53","1.02","0.88","0.73","1.51","0.71","0.53","0.33",,"0.51","0.74","0.72","0.97","0.76","0.7","0.44",,"0.24","0.48","0.87",,"0.73","0.68","0.52",,"0.6","0.56","0.35",,"0.44","0.54","0.35",,"0.6","0.6","0.48",,"0.56","0.48","0.44",,"0.46","0.48","0.28",,"0.4","0.41","0.335",,"0.34","0.335","0.37",,"0.3","0.26","0.34",,"0.27","0.258","0.225",,"0.213","0.255","0.225",,"0.273","0.263","0.228",,"0.345","0.198","0.195",,"0.165","0.188","0.16",,"0.198","0.173","0.123",,"0.11","0.128","0.083",,"0.123","0.105","0.1",,"0.103","0.133","0.1",,"0.068","0.108","0.028",,"0.118","0.14","0.17",,"0.105","0.148","0.17",,"-0.22","0.183","0.11",,"0.333","0.188","0.138"
BasicAverageShares,,"42,687,000","42,709,000","42,758,000","42,799,000","43,447,000","43,892,000","44,124,000","44,188,000","44,132,000","44,137,000","44,213,000","44,246,000","44,173,000","44,323,000","44,487,000","44,578,000","45,245,000","46,366,000","47,224,000","47,724,000",,"48,067,000","48,175,000","47,982,000","47,443,000","47,081,000","46,786,000","46,615,000",,"46,884,000","46,820,000","46,687,000",,"46,466,000","46,311,000","46,195,000",,"45,898,000","45,743,000","45,642,000",,"45,356,000","45,127,000","44,994,000",,"44,779,000","44,631,000","44,584,000",,"44,413,000","44,256,000","44,150,000",,"43,903,000","43,807,000","43,636,000",,"43,376,000","43,216,000","43,022,000",,"42,718,000","42,272,000","41,762,000",,"41,312,000","41,204,000","41,128,000",,"40,952,000","40,812,000","40,492,000",,"40,292,000","40,236,000","40,156,000",,"40,048,000","40,068,000","40,140,000",,"40,579,710","40,487,805","40,506,329",,"41,212,121","40,526,316","40,615,385",,"41,012,658","41,159,420","40,816,327",,"40,000,000","40,784,314","40,000,000",,"40,816,327","40,000,000","40,000,000",,"40,975,610","40,000,000","40,000,000",,"40,000,000","40,000,000","40,000,000",,"40,851,064","40,000,000","40,588,235",,"40,000,000","40,000,000","40,000,000",,"40,000,000","42,191,781","35,454,545",,"40,000,000","37,866,667","40,144,000"
DilutedAverageShares,,"42,986,000","42,995,000","43,024,000","43,058,000","43,782,000","44,334,000","44,553,000","44,678,000","44,692,000","44,686,000","44,807,000","44,860,000","44,783,000","44,997,000","45,164,000","45,240,000","46,143,000","47,395,000","48,258,000","48,732,000",,"49,101,000","49,239,000","49,130,000","48,591,000","48,063,000","47,507,000","47,483,000",,"47,415,000","47,501,000","47,571,000",,"46,936,000","47,015,000","46,974,000",,"46,276,000","46,311,000","46,158,000",,"45,828,000","45,537,000","45,466,000",,"45,505,000","45,355,000","45,226,000",,"45,102,000","44,915,000","44,720,000",,"44,338,000","44,295,000","44,134,000",,"43,946,000","43,776,000","43,628,000",,"43,430,000","42,920,000","42,412,000",,"41,872,000","41,724,000","41,632,000",,"41,880,000","42,044,000","41,360,000",,"40,896,000","41,076,000","40,848,000",,"40,796,000","40,456,000","40,528,000",,"40,579,710","42,025,316","41,025,641",,"41,212,121","41,066,667","41,250,000",,"41,012,658","41,159,420","40,816,327",,"40,000,000","40,784,314","40,000,000",,"40,816,327","40,000,000","40,000,000",,"40,975,610","40,000,000","40,000,000",,"40,000,000","40,000,000","40,000,000",,"40,851,064","40,000,000","40,588,235",,"40,000,000","40,000,000","40,000,000",,"40,000,000","42,191,781","35,454,545",,"40,000,000","37,866,667","40,144,000"
TotalOperatingIncomeAsReported,"403,953,000","120,654,000","105,569,000","105,685,000","72,045,000","110,005,000","97,047,000","102,076,000","64,498,000","108,695,000","96,550,000","83,271,000","51,227,000","106,173,000","76,573,000","68,089,000","57,263,000","108,527,000","63,813,000","65,442,000","72,835,000","75,311,000","74,140,000","76,650,000","59,101,000","74,918,000","62,887,000","57,788,000","38,026,000","61,981,000","23,366,000","40,540,000","35,559,000","61,438,000","50,146,000","51,689,000","41,683,000","57,225,000","48,086,000","43,428,000","31,084,000","58,195,000","36,218,000","43,763,000","31,143,000","57,973,000","48,190,000","49,672,000","40,727,000","61,145,000","44,488,000","38,409,000","35,142,000","45,681,000","37,251,000","33,077,000","24,619,000","44,876,000","32,441,000","33,186,000","27,479,000","34,361,000","25,465,000","25,643,000","25,250,000","27,680,000","20,868,000","17,437,000","23,345,000","21,286,000","12,551,000","15,078,000","12,914,000","11,729,000","11,098,000","13,066,000","11,265,000","13,045,000","13,022,000","14,029,000","12,089,000","9,600,000","20,700,000","10,300,000","10,600,000","6,500,000","10,100,000","11,000,000","8,600,000","9,600,000","8,500,000","9,100,000","6,200,000","1,300,000","6,200,000","7,100,000","4,700,000","-1,500,000","6,200,000","5,200,000","5,000,000","7,700,000","6,100,000","6,600,000","5,700,000","-26,800,000","4,300,000","4,100,000","2,800,000","600,000","6,400,000","6,800,000","9,200,000","-4,700,000","6,700,000","9,200,000","10,500,000","14,000,000","-12,700,000","12,000,000","7,300,000","2,100,000","2,000,000","6,000,000",
TotalExpenses,"2,084,008,000","535,117,000","509,311,000","533,311,000","506,269,000","538,617,000","498,346,000","518,222,000","483,024,000","503,186,000","471,351,000","484,382,000","472,364,000","459,392,000","430,519,000","464,677,000","446,244,000","480,228,000","461,722,000","479,752,000","473,364,000","493,861,000","485,354,000","575,802,000","582,311,000","624,812,000","537,780,000","559,899,000","554,661,000","528,466,000","455,856,000","485,846,000","466,102,000","499,941,000","465,850,000","463,216,000","420,167,000","466,156,000","417,727,000","418,737,000","410,691,000","444,582,000","399,532,000","403,608,000","392,649,000","449,625,000","387,509,000","403,792,000","392,652,000","436,526,000","351,780,000","327,167,000","297,467,000","332,486,000","274,550,000","276,558,000","257,933,000","273,017,000","238,914,000","250,007,000","231,008,000","246,743,000","211,109,000","196,785,000","189,683,000","165,983,000","168,750,000","165,420,000","156,588,000","152,787,000","107,090,000","106,699,000","84,873,000","85,497,000","68,322,000","73,538,000","68,652,000","69,365,000","68,856,000","69,021,000","70,148,000","74,100,000","48,300,000","59,900,000","59,800,000","60,000,000","52,500,000","48,400,000","52,200,000","49,600,000","44,200,000","45,300,000","46,900,000","38,800,000","41,000,000","38,100,000","33,400,000","38,800,000","32,000,000","34,100,000","34,600,000","34,000,000","35,000,000","32,900,000","35,000,000","59,300,000","34,500,000","36,800,000","37,900,000","36,500,000","40,200,000","40,500,000","41,900,000","39,400,000","40,200,000","45,200,000","44,800,000","25,800,000","64,300,000","44,500,000","45,700,000","43,200,000","45,900,000","41,700,000",
NetIncomeFromContinuingAndDiscontinuedOperation,"307,583,000","89,408,000","82,510,000","80,072,000","55,593,000","82,835,000","74,483,000","74,788,000","43,643,000","67,750,000","63,944,000","50,650,000","32,547,000","68,615,000","45,932,000","39,963,000","32,819,000","69,849,000","33,884,000","25,737,000","15,991,000","16,750,000","25,033,000","36,391,000","35,164,000","47,307,000","36,361,000","33,370,000","20,943,000","38,493,000","11,299,000","22,740,000","41,312,000","39,751,000","34,360,000","31,796,000","24,516,000","36,581,000","27,784,000","25,898,000","16,335,000","34,847,000","20,115,000","24,454,000","15,805,000","33,011,000","27,523,000","27,077,000","21,779,000","38,259,000","25,175,000","21,390,000","19,503,000","26,843,000","20,356,000","21,092,000","12,278,000","25,304,000","17,519,000","17,934,000","14,523,000","20,413,000","14,720,000","14,324,000","15,609,000","14,754,000","12,519,000","10,873,000","14,122,000","13,692,000","11,312,000","10,816,000","9,316,000","34,473,000","8,723,000","10,465,000","9,219,000","10,122,000","11,079,000","10,644,000","9,229,000","8,800,000","14,000,000","8,300,000","8,000,000","8,000,000","6,800,000","7,700,000","6,600,000","7,800,000","8,100,000","7,100,000","5,000,000","3,100,000","4,400,000","5,200,000","3,300,000","5,000,000","5,000,000","4,200,000","4,000,000","5,900,000","4,200,000","5,300,000","4,300,000","-13,800,000","2,700,000","4,300,000","3,800,000","4,500,000","4,800,000","5,600,000","6,900,000","4,300,000","4,200,000","5,900,000","6,800,000","4,100,000","-8,800,000","7,700,000","3,900,000","-1,400,000","9,000,000","7,100,000",
NormalizedIncome,"307,583,000","89,408,000","82,510,000","80,072,000","55,593,000","82,835,000","74,483,000","74,788,000","43,643,000","67,750,000","63,944,000","50,650,000","32,547,000","70,668,000","45,932,000","39,963,000","32,819,000","70,762,000","38,142,000","40,121,000","43,223,000","46,364,000","44,310,000","45,809,000","35,164,000","47,307,000","36,361,000","33,370,000","20,943,000","38,169,000","11,525,036.087","22,748,057.931","19,772,639.021","39,176,620.477","34,386,678.202","31,776,276.7","24,478,507.619","36,611,100.905","27,727,588.451","25,637,062.972","16,237,893.347","34,617,028.119","19,911,904.49","24,423,160.191","15,610,855.983","32,675,783.8","27,279,590.393","26,935,023.221","21,471,925.04","37,695,136.458","25,017,856.081","21,089,504.386","18,938,214.178","27,403,886.331","20,334,682.788","21,158,063.085","12,102,231.002","25,487,362.319","17,404,970.26","18,297,422.535","12,765,900.963","20,693,791.331","14,599,049.523","14,167,122.262","15,948,295.919","14,604,893.758","12,248,667.476","10,226,373.304","13,946,536.77","13,286,570.172","7,551,053.145","9,128,069.308","7,875,911.212","5,245,904.743","6,368,000","7,844,725.476","6,871,676.297","8,049,566.016","7,815,955.978","8,386,386.869","7,163,636.647","5,744,444.444","12,356,521.739","6,272,519.084","6,325,581.395","3,878,787.879","5,900,000","6,886,178.862","5,292,452.83","6,320,689.655","5,785,714.286","5,850,925.926","4,025,974.026","852,500","3,889,855.072","4,429,629.63","2,970,000","-1,012,658.228","4,236,111.111","3,333,333.333","3,213,114.754","5,535,802.469","3,705,882.353","4,655,405.405","3,648,484.848","-13,800,000","2,700,000","2,567,164.179","1,710,000","-660,000","4,123,943.662","4,379,487.179","6,748,351.648","-3,493,750","4,135,384.615","5,832,954.545","6,733,333.333","4,100,000","-8,932,330.827","7,700,000","5,280,000","-2,360,000","806,896.552","3,919,791.667",
InterestExpense,"31,347,000","8,164,000","7,951,000","7,960,000","7,272,000","8,264,000","7,949,000","9,566,000","8,204,000","9,887,000","10,457,000","10,750,000","10,377,000","10,554,000","10,488,000","10,273,000","9,933,000","9,085,000","8,972,000","8,985,000","8,996,000","8,740,000","9,013,000","8,988,000","9,054,000","9,339,000","9,690,000","9,332,000","8,659,000","6,673,000","6,648,000","6,526,000","6,482,000","5,713,000","5,033,000","4,967,000","5,121,000","4,925,000","5,815,000","5,700,000","5,667,000","5,661,000","5,923,000","6,542,000","6,940,000",,,,,,,,,,,,,,,,,,,,,,,,,,,,,,,,,,,,,,,,,,,,,,,,,,,,,,,,,,,,,,,,,,,,,,,,,,,,,,,,
NetInterestIncome,"-31,347,000","-8,164,000","-7,951,000","-7,960,000","-7,272,000","-8,264,000","-7,949,000","-9,566,000","-8,204,000","-9,887,000","-10,457,000","-10,750,000","-10,377,000","-10,554,000","-10,488,000","-10,273,000","-9,933,000","-9,085,000","-8,972,000","-8,985,000","-8,996,000","-8,740,000","-9,013,000","-8,988,000","-9,054,000","-9,339,000","-9,690,000","-9,332,000","-8,659,000","-6,673,000","-6,648,000","-6,526,000","-6,482,000","-5,713,000","-5,033,000","-4,967,000","-5,121,000","-4,925,000","-5,815,000","-5,700,000","-5,667,000","-5,661,000","-5,923,000","-6,542,000","-6,940,000",,,,,,,,,,,,,,,,,,,,,,,,,,,,,,,,,,,,,,,,,,,,,,,,,,,,,,,,,,,,,,,,,,,,,,,,,,,,,,,,
EBIT,"427,809,000","126,806,000","111,924,000","111,556,000","77,523,000","114,104,000","100,890,000","106,047,000","69,181,000","109,219,000","96,871,000","83,461,000","51,539,000","106,466,000","77,056,000","68,190,000","57,497,000","108,537,000","63,974,000","65,405,000","73,316,000","75,740,000","73,982,000","76,714,000","59,166,000","75,196,000","63,265,000","58,012,000","38,500,000","62,113,000","23,247,000","40,670,000","35,661,000","62,255,000","50,111,000","51,718,000","41,739,000","57,182,000","48,172,000","43,812,000","31,236,000","58,544,000","36,527,000","43,810,000","31,444,000","57,973,000","48,190,000","49,672,000","40,727,000","61,145,000","44,488,000","38,409,000","35,142,000","45,681,000","37,251,000","33,077,000","24,619,000","44,876,000","32,441,000","33,186,000","27,479,000","34,361,000","25,465,000","25,643,000","25,250,000","27,680,000","20,868,000","17,437,000","23,345,000","21,286,000","12,551,000","15,078,000","12,914,000","11,729,000","11,098,000","13,066,000","11,265,000","13,045,000","13,022,000","14,029,000","12,089,000","9,600,000","20,700,000","10,300,000","10,600,000","6,500,000","10,100,000","11,000,000","8,600,000","9,600,000","8,500,000","9,100,000","6,200,000","1,300,000","6,200,000","7,100,000","4,700,000","-1,500,000","6,200,000","5,200,000","5,000,000","7,700,000","6,100,000","6,600,000","5,700,000","-26,800,000","4,300,000","4,100,000","2,800,000","600,000","6,400,000","6,800,000","9,200,000","-4,700,000","6,700,000","9,200,000","10,500,000","14,000,000","-12,700,000","12,000,000","7,300,000","2,100,000","2,000,000","6,000,000","46,700,000"
EBITDA,"530,221,000"
ReconciledCostOfRevenue,"1,589,216,000","410,019,000","388,804,000","408,952,000","381,441,000","407,570,000","372,875,000","393,798,000","366,331,000","373,614,000","357,118,000","368,883,000","352,816,000","356,841,000","322,616,000","347,387,000","331,604,000","364,441,000","340,041,000","362,843,000","355,103,000","369,129,000","366,066,000","436,249,000","439,260,000","468,060,000","405,965,000","416,673,000","408,980,000","396,401,000","337,806,000","362,379,000","342,387,000","373,824,000","345,359,000","345,948,000","312,881,000","349,712,000","310,096,000","307,782,000","303,791,000","329,903,000","293,435,000","302,789,000","288,032,000","335,013,000","287,908,000","296,230,000","294,910,000","333,277,000","266,448,000","247,553,000","221,222,000","250,720,000","205,783,000","204,082,000","190,491,000","206,964,000","177,840,000","182,894,000","172,718,000","180,067,000","154,725,000","146,406,000","143,338,000","125,476,000","132,601,000","126,175,000","120,901,000","119,040,000","78,442,000","78,078,000","61,632,000","62,444,000","49,233,000","53,767,000","49,906,000","48,144,000","47,342,000","49,024,000","49,749,000","51,200,000","41,700,000","42,700,000","42,400,000","43,300,000","39,000,000","35,200,000","40,300,000","36,200,000","31,500,000","32,900,000","34,000,000","30,700,000","28,600,000","28,500,000","22,000,000","28,300,000","21,300,000","23,100,000","23,500,000","24,600,000","24,400,000","22,400,000","24,400,000","26,400,000","23,400,000","24,900,000","26,400,000","27,100,000","28,200,000","27,600,000","28,500,000","27,000,000","27,200,000","31,600,000","32,100,000","33,300,000","28,300,000","31,900,000","31,400,000","20,600,000","33,800,000","29,300,000",
ReconciledDepreciation,"102,412,000","25,414,000","25,398,000","25,807,000","25,793,000","25,803,000","25,889,000","26,656,000","24,601,000","25,180,000","24,854,000","25,035,000","24,926,000","23,589,000","23,432,000","24,500,000","24,487,000","24,382,000","24,890,000","25,830,000","25,708,000","27,997,000","29,548,000","30,434,000","30,952,000","31,837,000","29,427,000","29,833,000","30,400,000","24,742,000","22,516,000","23,104,000","23,534,000","23,104,000","22,952,000","21,722,000","20,522,000","21,073,000","19,837,000","19,526,000","19,510,000","19,204,000","19,231,000","19,012,000","19,033,000","18,180,000","18,561,000","18,763,000","18,747,000","18,662,000","16,125,000","14,449,000","13,463,000","12,709,000","13,136,000","12,812,000","12,134,000","11,993,000","12,081,000","12,296,000","11,481,000","9,021,000","11,298,000","10,916,000","9,507,000","8,364,000","7,649,000","8,494,000","6,820,000","5,891,000","3,869,000","4,990,000","3,943,000","3,463,000","3,811,000","3,712,000","3,748,000","3,463,000","3,769,000","3,555,000","3,559,000","3,800,000","3,400,000","2,800,000","2,900,000","2,000,000","2,800,000","2,500,000","2,400,000","2,000,000","2,200,000","2,400,000","2,500,000","2,200,000","2,200,000","2,300,000","2,200,000","1,700,000","2,800,000","2,500,000","2,500,000","2,800,000","2,700,000","2,700,000","2,700,000","2,500,000","3,000,000","3,000,000","3,000,000","2,800,000","2,900,000","3,200,000","3,000,000","3,000,000","3,000,000","3,100,000","3,100,000","2,900,000","3,000,000","2,900,000","3,000,000","2,600,000","3,000,000","2,900,000",
NetIncomeFromContinuingOperationNetMinorityInterest,"307,583,000","89,408,000","82,510,000","80,072,000","55,593,000","82,835,000","74,483,000","74,788,000","43,643,000","67,750,000","63,944,000","50,650,000","32,547,000","70,668,000","45,932,000","39,963,000","32,819,000","70,762,000","38,142,000","40,121,000","43,223,000","46,364,000","44,310,000","45,809,000","35,164,000","47,307,000","36,361,000","33,370,000","20,943,000","38,169,000","11,443,000","22,835,000","19,842,000","39,751,000","34,360,000","31,796,000","24,516,000","36,581,000","27,784,000","25,898,000","16,335,000","34,847,000","20,115,000","24,454,000","15,805,000","33,011,000","27,523,000","27,077,000","21,779,000","38,259,000","25,175,000","21,390,000","19,503,000","26,843,000","20,356,000","21,092,000","12,278,000","25,304,000","17,519,000","17,934,000","14,523,000","20,413,000","14,720,000","14,324,000","15,609,000","14,754,000","12,519,000","10,873,000","14,122,000","13,692,000","11,312,000","10,816,000","9,316,000","34,473,000","8,723,000","10,465,000","9,219,000","10,122,000","11,079,000","10,644,000","9,229,000","8,800,000","14,000,000","8,300,000","8,000,000","8,000,000","6,800,000","7,700,000","6,600,000","7,800,000","8,100,000","7,100,000","5,000,000","3,100,000","4,400,000","5,200,000","3,300,000","5,000,000","5,000,000","4,200,000","4,000,000","5,900,000","4,200,000","5,300,000","4,300,000","-13,800,000","2,700,000","4,300,000","3,800,000","4,500,000","4,800,000","5,600,000","6,900,000","4,300,000","4,200,000","5,900,000","6,800,000","4,100,000","-8,800,000","7,700,000","3,900,000","-1,400,000","9,000,000","7,100,000",
TotalUnusualItemsExcludingGoodwill,,,,,,,,,,,,,,,,,,,,,,,,,,,,,,,"-119,000","130,000","102,000","817,000","-35,000","29,000","56,000","-43,000","86,000","384,000","152,000","349,000","309,000","47,000","301,000","516,000","371,000","224,000","474,000","788,000","231,000","466,000","884,000","-825,000","33,000","-85,000","279,000","-287,000","181,000","-564,000","2,789,000","-424,000","185,000","251,000","-489,000","238,000","436,000","1,043,000","283,000","626,000","6,062,000","2,702,000","2,326,000","47,279,000","3,925,000","4,232,000","3,763,000","3,210,000","5,272,000","3,670,000","3,377,000","5,000,000","2,700,000","3,200,000","2,700,000","6,800,000","1,500,000","1,300,000","2,100,000","2,200,000","3,400,000","1,900,000","1,500,000","2,900,000","800,000","1,200,000","500,000","9,500,000","1,100,000","1,300,000","1,200,000","500,000","800,000","900,000","1,000,000",,,"2,700,000","3,300,000","8,600,000","1,000,000","1,700,000","200,000","11,600,000","100,000","100,000","100,000",,"200,000",,"-2,300,000","1,600,000","13,200,000","4,300,000",
TotalUnusualItems,,,,,,,,,,,,,,,,,,,,,,,,,,,,,,,"-119,000","130,000","102,000","817,000","-35,000","29,000","56,000","-43,000","86,000","384,000","152,000","349,000","309,000","47,000","301,000","516,000","371,000","224,000","474,000","788,000","231,000","466,000","884,000","-825,000","33,000","-85,000","279,000","-287,000","181,000","-564,000","2,789,000","-424,000","185,000","251,000","-489,000","238,000","436,000","1,043,000","283,000","626,000","6,062,000","2,702,000","2,326,000","47,279,000","3,925,000","4,232,000","3,763,000","3,210,000","5,272,000","3,670,000","3,377,000","5,000,000","2,700,000","3,200,000","2,700,000","6,800,000","1,500,000","1,300,000","2,100,000","2,200,000","3,400,000","1,900,000","1,500,000","2,900,000","800,000","1,200,000","500,000","9,500,000","1,100,000","1,300,000","1,200,000","500,000","800,000","900,000","1,000,000",,,"2,700,000","3,300,000","8,600,000","1,000,000","1,700,000","200,000","11,600,000","100,000","100,000","100,000",,"200,000",,"-2,300,000","1,600,000","13,200,000","4,300,000",
NormalizedEBITDA,"530,221,000","152,220,000","137,322,000","137,363,000","103,316,000","139,907,000","126,779,000","132,703,000","93,782,000","134,399,000","121,725,000","108,496,000","76,465,000","130,055,000","100,488,000","92,690,000","81,984,000","132,919,000","88,864,000","91,235,000","99,024,000","103,737,000","103,530,000","107,148,000","90,118,000","107,033,000","92,692,000","87,845,000","68,900,000","86,855,000","45,882,000","63,644,000","59,093,000","84,542,000","73,098,000","73,411,000","62,205,000","78,298,000","67,923,000","62,954,000","50,594,000","77,399,000","55,449,000","62,775,000","50,176,000","75,637,000","66,380,000","68,211,000","59,000,000","79,019,000","60,382,000","52,392,000","47,721,000","59,215,000","50,354,000","45,974,000","36,474,000","57,156,000","44,341,000","46,046,000","36,171,000","43,806,000","36,578,000","36,308,000","35,246,000","35,806,000","28,081,000","24,888,000","29,882,000","26,551,000","10,358,000","17,366,000","14,531,000","-32,087,000","10,984,000","12,546,000","11,250,000","13,298,000","11,519,000","13,914,000","12,271,000","8,400,000","21,400,000","9,900,000","10,800,000","1,700,000","11,400,000","12,200,000","8,900,000","9,400,000","7,300,000","9,600,000","7,200,000","600,000","7,600,000","8,200,000","6,400,000","-9,300,000","7,900,000","6,400,000","6,300,000","10,000,000","8,000,000","8,400,000","7,400,000","-24,300,000","10,300,000","4,400,000","2,500,000","-5,200,000","8,400,000","8,300,000","12,000,000","-13,300,000","9,700,000","12,200,000","13,500,000","16,900,000","-9,900,000","14,900,000","12,600,000","3,100,000","-8,200,000","4,600,000","46,700,000"
TaxRateForCalcs,"0.224","0.246","0.206","0.227","0.209","0.217","0.199","0.225","0.284","0.318","0.26","0.303","0.209","0.263","0.31","0.31","0.31","0.288","0.307","0.289","0.328","0.308","0.318","0.324","0.298","0.282","0.321","0.315","0.298","0.312","0.311","0.331","0.32","0.297","0.238","0.32","0.33","0.3","0.344","0.32","0.361","0.341","0.343","0.344","0.355","0.35","0.344","0.366","0.352","0.284","0.32","0.355","0.361","0.32","0.354","0.223","0.37","0.361","0.37","0.356","0.37","0.338","0.346","0.375","0.306","0.374","0.38","0.38","0.38","0.352","0.38","0.375","0.381","0.382","0.4","0.381","0.376","0.354","0.381","0.385","0.388","0.389","0.391","0.366","0.38","0.394","0.4","0.374","0.377","0.328","0.319","0.343","0.351","0.225","0.362","0.358","0.34","0.367","0.306","0.333","0.344","0.272","0.382","0.284","0.348","0.11","0.357","0.358","0.367","0.4","0.324","0.282","0.242","0.328","0.354","0.33","0.333","0.268","0.338","0.306","0.4","0.4","0.379","0.26",
TaxEffectOfUnusualItems,"0","0","0","0","0","0","0","0","0","0","0","0","0","0","0","0","0","0","0","0","0","0","0","0","0","0","0","0","0","0","-36,963.913","43,057.931","32,639.021","242,620.477","-8,321.798","9,276.7","18,507.619","-12,899.095","29,588.451","123,062.972","54,893.347","119,028.119","105,904.49","16,160.191","106,855.983","180,783.8","127,590.393","82,023.221","166,925.04","224,136.458","73,856.081","165,504.386","319,214.178","-264,113.669","11,682.788","-18,936.915","103,231.002","-103,637.681","66,970.26","-200,577.465","1,031,900.963","-143,208.669","64,049.523","94,122.262","-149,704.081","88,893.758","165,667.476","396,373.304","107,536.77","220,570.172","2,301,053.145","1,014,069.308","885,911.212","18,051,904.743","1,570,000","1,611,725.476","1,415,676.297","1,137,566.016","2,008,955.978","1,412,386.869","1,311,636.647","1,944,444.444","1,056,521.739","1,172,519.084","1,025,581.395","2,678,787.879","600,000","486,178.862","792,452.83","720,689.655","1,085,714.286","650,925.926","525,974.026","652,500","289,855.072","429,629.63","170,000","3,487,341.772","336,111.111","433,333.333","413,114.754","135,802.469","305,882.353","255,405.405","348,484.848","0","0","967,164.179","1,210,000","3,440,000","323,943.662","479,487.179","48,351.648","3,806,250","35,384.615","32,954.545","33,333.333","0","67,669.173","0","-920,000","640,000","5,006,896.552","1,119,791.667",