name,ttm,03/31/2020,12/31/2019,09/30/2019,06/30/2019,03/31/2019,12/31/2018,09/30/2018,06/30/2018,03/31/2018,12/31/2017,09/30/2017,06/30/2017,03/31/2017,12/31/2016,09/30/2016,06/30/2016,03/31/2016,12/31/2015,09/30/2015,06/30/2015,03/31/2015,12/31/2014,09/30/2014,06/30/2014,03/31/2014,12/31/2013,09/30/2013,06/30/2013,03/31/2013,12/31/2012,09/30/2012,06/30/2012,03/31/2012,12/31/2011,09/30/2011,06/30/2011,03/31/2011,12/31/2010,09/30/2010,06/30/2010,03/31/2010,12/31/2009,09/30/2009,06/30/2009,03/31/2009,12/31/2008,09/30/2008,06/30/2008,03/31/2008,12/31/2007,09/30/2007,06/30/2007,03/31/2007,12/31/2006,09/30/2006,06/30/2006,03/31/2006,12/31/2005,09/30/2005,06/30/2005,03/31/2005,12/31/2004,09/30/2004,06/30/2004,03/31/2004,12/31/2003,09/30/2003,06/30/2003,03/31/2003,12/31/2002,09/30/2002,06/30/2002,03/31/2002,12/31/2001,09/30/2001,06/30/2001,03/31/2001,12/31/2000,09/30/2000,06/30/2000,03/31/2000,12/31/1999,09/30/1999,06/30/1999,03/31/1999,12/31/1998,09/30/1998,06/30/1998,03/31/1998,12/31/1997,09/30/1997,06/30/1997,03/31/1997,12/31/1996,09/30/1996,06/30/1996,03/31/1996,12/31/1995,09/30/1995,06/30/1995,03/31/1995
TotalRevenue,"65,214,000,000","13,873,000,000","16,215,000,000","16,686,000,000","18,440,000,000","18,540,000,000","20,056,000,000","19,695,000,000","18,139,000,000","17,932,000,000","17,545,000,000","15,684,000,000","15,643,000,000","18,047,000,000","15,807,000,000","13,118,000,000","13,416,000,000","12,357,000,000","13,889,000,000","18,807,000,000","22,193,000,000","23,786,000,000","26,691,000,000","26,600,000,000","27,353,000,000","29,203,000,000","25,998,000,000","29,423,000,000","28,121,000,000","31,165,000,000","32,523,000,000","31,722,000,000","30,578,000,000","34,044,000,000","30,388,000,000","26,169,000,000","24,470,000,000","25,089,000,000","28,321,000,000","22,915,000,000","19,231,000,000","29,012,000,000","22,361,000,000","19,475,000,000","31,695,000,000","24,101,000,000","25,285,000,000","28,161,000,000","27,345,000,000","28,483,000,000","23,095,325,640","22,981,752,150","21,065,287,780","21,059,987,040","20,972,094,910","20,883,303,880","22,363,577,600","23,572,185,720","21,887,920,030","19,946,066,430","16,375,714,110","16,241,687,220","8,376,222,680","13,753,086,360","19,118,668,800","19,114,593,000","11,768,039,010","14,988,355,200","13,150,503,410","13,139,329,000","12,379,101,050","12,275,464,520","12,123,490,400","13,818,081,200","13,637,622,980","12,135,073,500","13,094,381,400","12,920,062,900","12,329,079,520","12,223,122,120","11,309,603,130","11,271,789,900","9,662,750,590","7,835,775,840","6,987,803,550","6,720,416,430","7,174,564,854","7,038,045,322","7,554,033,725","7,701,340,493","7,986,140,358","7,738,851,904","7,617,261,968","7,397,250,256","7,700,614,400","7,603,183,970","7,617,803,652","7,556,002,269","7,385,342,740","6,875,067,160","6,750,980,144","6,783,662,976"
	OperatingRevenue,"65,214,000,000","13,873,000,000","16,215,000,000","16,686,000,000","18,440,000,000","18,540,000,000","20,056,000,000","19,695,000,000","18,139,000,000","17,932,000,000","17,545,000,000","15,684,000,000","15,643,000,000","18,047,000,000","15,807,000,000","13,118,000,000","13,416,000,000","12,357,000,000","13,889,000,000","18,807,000,000","22,193,000,000","23,786,000,000","26,691,000,000","26,600,000,000","27,353,000,000","29,203,000,000","25,998,000,000","29,423,000,000","28,121,000,000","31,165,000,000","32,523,000,000","31,494,000,000","30,063,000,000","33,475,000,000","31,035,000,000","26,112,000,000","24,118,000,000","24,804,000,000","28,321,000,000","22,915,000,000","19,464,000,000","28,779,000,000","22,361,000,000","19,475,000,000","31,695,000,000","24,101,000,000","25,285,000,000","28,161,000,000","27,345,000,000","28,483,000,000","22,266,794,680","22,981,752,150","21,065,287,780","21,059,987,040","20,188,643,450","20,883,303,880","22,363,577,600","23,572,185,720","21,090,047,080","19,946,066,430","16,214,657,760","16,241,687,220","8,058,938,980","13,318,024,980","18,840,743,040","19,114,593,000","10,856,492,570","14,988,355,200","12,943,655,230","12,932,482,500","12,103,557,460","12,003,058,980","11,857,748,000","13,515,194,000","13,070,547,670","11,862,843,900","12,903,772,200","12,920,062,900","12,329,079,520","12,223,122,120","11,309,603,130","11,271,789,900","9,662,750,590","7,835,775,840","6,987,803,550","6,720,416,430","7,174,564,854","7,038,045,322","7,554,033,725","7,701,340,493","7,986,140,358","7,738,851,904","7,617,261,968","7,397,250,256","7,700,614,400","7,603,183,970","7,617,803,652","7,556,002,269","7,385,342,740","6,875,067,160","6,750,980,144","6,783,662,976"
CostOfRevenue,"57,246,000,000","13,549,000,000","14,113,000,000","14,250,000,000","15,334,000,000","15,283,000,000","17,004,000,000","15,552,000,000","15,387,000,000","14,667,000,000","15,508,000,000","14,002,000,000","14,391,000,000","15,452,000,000","14,311,000,000","12,564,000,000","12,787,000,000","12,006,000,000","19,262,000,000","17,370,000,000","20,246,000,000","21,357,000,000","26,384,000,000","22,921,000,000","23,910,000,000","24,624,000,000","24,816,000,000","25,232,000,000","25,382,000,000","26,376,000,000","30,272,000,000","24,129,000,000","22,840,000,000","23,546,000,000","22,702,000,000","18,524,000,000","17,792,000,000","17,051,000,000","20,961,000,000","15,708,000,000","12,363,000,000","20,103,000,000","12,547,000,000","14,207,000,000","19,561,000,000","17,973,000,000",,,"17,207,000,000","20,359,000,000",,,"13,862,280,280",,,,"14,701,923,600",,,,"10,459,577,520",,,,"7,401,515,520",,,,"8,519,885,330",,,,"7,866,579,000",,,,"8,191,489,200",,,,"7,249,987,860",,,,"4,434,446,900",,,,,,,,,,,,,,,,,
GrossProfit,"7,968,000,000","324,000,000","2,102,000,000","2,436,000,000","3,106,000,000","3,257,000,000","3,052,000,000","4,143,000,000","2,752,000,000","3,265,000,000","2,037,000,000","1,682,000,000","1,252,000,000","2,595,000,000","1,496,000,000","554,000,000","629,000,000","351,000,000","-5,373,000,000","1,437,000,000","1,947,000,000","2,429,000,000","307,000,000","3,679,000,000","3,443,000,000","4,579,000,000","1,182,000,000","4,191,000,000","2,739,000,000","4,789,000,000","2,251,000,000","7,593,000,000","7,738,000,000","10,498,000,000","7,686,000,000","7,645,000,000","6,678,000,000","8,038,000,000","7,360,000,000","7,207,000,000","6,868,000,000","8,909,000,000","9,814,000,000","5,268,000,000","12,134,000,000","6,128,000,000",,,"10,138,000,000","8,124,000,000",,,"7,203,007,500",,,,"7,661,654,000",,,,"5,916,136,590",,,,"11,717,153,280",,,,"4,630,618,080",,,,"4,256,911,400",,,,"4,902,892,200",,,,"4,059,615,270",,,,"2,553,356,650",,,,,,,,,,,,,,,,,
OperatingExpense,"2,297,000,000","888,000,000","232,000,000","438,000,000","300,000,000","579,000,000","662,000,000","562,000,000","-93,000,000","717,000,000","-2,636,000,000","642,000,000","616,000,000","320,000,000","300,000,000","345,000,000","323,000,000","637,000,000","220,000,000","1,376,000,000","1,553,000,000","878,000,000","870,000,000","1,100,000,000","1,591,000,000","933,000,000","1,277,000,000","888,000,000","1,268,000,000","955,000,000","601,000,000","3,711,000,000","4,678,000,000","3,572,000,000","4,420,000,000","3,107,000,000","3,090,000,000","3,229,000,000","4,546,000,000","3,160,000,000","3,382,000,000","3,243,000,000","7,442,000,000","1,964,000,000","4,269,000,000","2,161,000,000","-51,587,000,000","21,885,000,000","4,414,000,000","1,947,000,000",,,"2,542,107,570",,,,"2,386,930,000",,,,"1,903,768,650",,,,"4,848,533,760",,,,"2,157,131,020",,,,"1,213,959,600",,,,"1,337,794,200",,,,"1,717,489,160",,,,"1,572,485,200",,,,,,,,,,,,,,,,,
	SellingGeneralAndAdministration,"3,060,000,000","838,000,000","738,000,000","705,000,000","779,000,000","774,000,000","752,000,000","790,000,000","707,000,000","844,000,000","687,000,000","702,000,000","778,000,000","784,000,000","741,000,000","709,000,000","736,000,000","720,000,000","650,000,000","1,328,000,000","1,395,000,000","1,419,000,000","1,324,000,000","1,297,000,000","1,375,000,000","1,341,000,000","1,540,000,000","1,194,000,000","1,353,000,000","1,227,000,000","1,192,000,000","1,178,000,000","1,145,000,000","1,225,000,000","1,325,000,000","1,162,000,000","1,057,000,000","1,045,000,000","1,495,000,000","1,091,000,000","1,080,000,000","1,119,000,000",,,,,,,,,,,"888,740,310",,,,"868,686,000",,,,"632,662,380",,,,"3,733,551,360",,,,"785,675,440",,,,"727,771,800",,,,"724,785,600",,,,"699,173,460",,,,"704,624,050",,,,,,,,,,,,,,,,,
		GeneralAndAdministrativeExpense,"3,060,000,000","838,000,000","738,000,000","705,000,000","779,000,000","774,000,000","752,000,000","790,000,000","707,000,000","844,000,000","687,000,000","702,000,000","778,000,000","784,000,000","741,000,000","709,000,000","736,000,000","720,000,000","650,000,000","1,328,000,000","1,395,000,000","1,419,000,000","1,324,000,000","1,297,000,000","1,375,000,000","1,341,000,000","1,540,000,000","1,194,000,000","1,353,000,000","1,227,000,000","1,192,000,000","1,178,000,000","1,145,000,000","1,225,000,000","1,325,000,000","1,162,000,000","1,057,000,000","1,045,000,000","1,495,000,000","1,091,000,000","1,080,000,000","1,119,000,000",,,,,,,,,,,,,,,,,,,,,,,,,,,,,,,,,,,,,,,,,,,,,,,,,,,,,,,,,,,,
			SalariesAndWages,"3,060,000,000","838,000,000","738,000,000","705,000,000","779,000,000","774,000,000","752,000,000","790,000,000","707,000,000","844,000,000","687,000,000","702,000,000","778,000,000","784,000,000","741,000,000","709,000,000","736,000,000","720,000,000","650,000,000","1,328,000,000","1,395,000,000","1,419,000,000","1,324,000,000","1,297,000,000","1,375,000,000","1,341,000,000","1,540,000,000","1,194,000,000","1,353,000,000","1,227,000,000","1,192,000,000","1,178,000,000","1,145,000,000","1,225,000,000","1,325,000,000","1,162,000,000","1,057,000,000","1,045,000,000","1,495,000,000","1,091,000,000","1,080,000,000","1,119,000,000",,,,,,,,,,,,,,,,,,,,,,,,,,,,,,,,,,,,,,,,,,,,,,,,,,,,,,,,,,,,
	DepreciationAmortizationDepletionIncomeStatement,,,,,,,,,,,,,,,,,,,,,,,,,,,,,,,,"2,533,000,000","3,533,000,000","2,347,000,000","3,095,000,000","1,945,000,000","2,033,000,000","2,184,000,000","3,051,000,000","2,069,000,000","2,335,000,000","2,124,000,000","3,261,000,000","1,964,000,000","2,211,000,000","2,178,000,000","3,514,000,000","1,912,000,000","2,443,000,000","1,946,000,000",,,"1,652,628,490",,,,"1,518,244,000",,,,"1,271,932,200",,,,"1,114,982,400",,,,"1,293,235,680",,,,"1,260,263,200",,,,"1,113,063,600",,,,"1,018,315,700",,,,"867,861,150",,,,,,,,,,,,,,,,,
		DepreciationAndAmortizationInIncomeStatement,,,,,,,,,,,,,,,,,,,,,,,,,,,,,,,,,,,,,,,,,,,,"1,964,000,000",,,,,,,,,"1,652,628,490",,,,"1,518,244,000",,,,"1,271,932,200",,,,"1,114,982,400",,,,"1,293,235,680",,,,"1,260,263,200",,,,"1,113,063,600",,,,"1,018,315,700",,,,"867,861,150",,,,,,,,,,,,,,,,,
	OtherOperatingExpenses,"-763,000,000","50,000,000","-506,000,000","-267,000,000","-479,000,000","-195,000,000","-90,000,000","-228,000,000","-800,000,000","-127,000,000","-3,323,000,000","-60,000,000","-162,000,000","-464,000,000","-441,000,000","-364,000,000","-413,000,000","-83,000,000","-430,000,000","48,000,000","158,000,000","-541,000,000","-454,000,000","-197,000,000","216,000,000","-408,000,000","-263,000,000","-306,000,000","-85,000,000","-272,000,000","-591,000,000",,,,,,,,,,,,,,"86,000,000","-17,000,000",,"19,973,000,000",,"1,000,000",,,"738,770",,,,,,,,"-825,930",,,,,,,,"78,219,900",,,,"-774,075,400",,,,"-500,055,000",,,,,,,,,,,,,,,,,,,,,,,,,
OperatingIncome,"5,671,000,000","-564,000,000","1,870,000,000","1,998,000,000","2,806,000,000","2,678,000,000","2,390,000,000","3,581,000,000","2,845,000,000","2,548,000,000","4,673,000,000","1,040,000,000","636,000,000","2,275,000,000","1,196,000,000","209,000,000","306,000,000","-286,000,000","-5,593,000,000","61,000,000","394,000,000","1,551,000,000","-563,000,000","2,579,000,000","1,852,000,000","3,646,000,000","-95,000,000","3,303,000,000","1,471,000,000","3,834,000,000","1,650,000,000","3,882,000,000","3,060,000,000","6,926,000,000","3,266,000,000","4,538,000,000","3,588,000,000","4,809,000,000","2,814,000,000","4,047,000,000","3,486,000,000","5,666,000,000","2,372,000,000","3,304,000,000","7,865,000,000","3,967,000,000","464,000,000","6,276,000,000","5,724,000,000","6,177,000,000","-46,228,984,610","22,981,752,150","4,660,899,930","21,059,987,040","-46,588,849,320","20,883,303,880","5,274,724,000","23,572,185,720","-35,767,476,940","19,946,066,430","4,012,367,940","16,241,687,220","-38,750,464,120","13,753,086,360","6,868,619,520","19,114,593,000","-31,088,936,210","14,988,355,200","2,473,487,060","13,139,329,000","-28,128,794,740","12,275,464,520","3,042,951,800","13,818,081,200","-24,864,161,890","12,135,073,500","3,565,098,000","12,920,062,900","-25,847,173,180","12,223,122,120","2,342,126,110","11,271,789,900","-16,836,659,760","7,835,775,840","980,871,450","6,720,416,430","-18,036,886,026","7,038,045,322","7,554,033,725","7,701,340,493","-18,512,014,962","7,738,851,904","7,617,261,968","7,397,250,256","-17,987,928,440","7,603,183,970","7,617,803,652","7,556,002,269","-16,194,456,200","6,875,067,160","6,750,980,144","6,783,662,976"
NetNonOperatingInterestIncomeExpense,"-920,000,000","-272,000,000","-297,000,000","-37,000,000","-314,000,000","-217,000,000","-48,000,000","-268,000,000","-58,000,000","-290,000,000","-584,000,000","-480,000,000","-838,000,000","-171,000,000","46,000,000","-166,000,000","-2,000,000","-286,000,000","-465,000,000","-446,000,000","-492,000,000","18,000,000","-428,000,000","-339,000,000","-273,000,000","-187,000,000","-195,000,000","-140,000,000","-380,000,000","-196,000,000","-275,000,000","-373,000,000","-164,000,000","-251,000,000","-26,000,000","-389,000,000","192,000,000","-59,000,000","-215,000,000","-111,000,000","10,000,000","-280,000,000","-153,000,000","-175,000,000","-184,000,000","-30,000,000",,,"-115,000,000","-99,000,000",,,,,,,,,,,,,,,,,,,,,,,,,,,,,,,,,,,,,,,,,,,,,,,,,,,,
	InterestIncomeNonOperating,"3,166,000,000","1,345,000,000","662,000,000","1,005,000,000","154,000,000","1,266,000,000","926,000,000","692,000,000","1,545,000,000","804,000,000","667,000,000","985,000,000","946,000,000","1,326,000,000","1,898,000,000","762,000,000","1,357,000,000","1,822,000,000","1,517,000,000","1,470,000,000","1,212,000,000","5,189,000,000","343,000,000","2,755,000,000","1,808,000,000","1,553,000,000","1,268,000,000","1,237,000,000","1,276,000,000","1,947,000,000","1,137,000,000",,"3,873,000,000","2,338,000,000","1,761,000,000","1,760,000,000","260,000,000","1,363,000,000","1,139,000,000","1,318,000,000","543,000,000","3,117,000,000",,,,,,,,,,,,,,,,,,,,,,,,,,,,,,,,,,,,,,,,,,,,,,,,,,,,,,,,,,,,
	InterestExpenseNonOperating,"4,052,000,000","1,518,000,000","965,000,000","1,085,000,000","484,000,000","1,545,000,000","976,000,000","973,000,000","1,626,000,000","1,088,000,000","1,232,000,000","1,424,000,000","1,732,000,000","1,498,000,000","1,920,000,000","892,000,000","1,343,000,000","2,071,000,000","1,973,000,000","1,911,000,000","1,705,000,000","5,187,000,000","773,000,000","3,100,000,000","2,093,000,000","1,744,000,000","1,467,000,000","1,377,000,000","1,656,000,000","2,143,000,000","1,412,000,000","373,000,000","4,037,000,000","2,589,000,000","1,787,000,000","2,149,000,000","68,000,000","1,422,000,000","1,354,000,000","1,429,000,000","533,000,000","3,397,000,000",,,"2,723,000,000","30,000,000",,,"2,654,000,000","99,000,000",,,,,,,,,,,,,,,,,,,,,,,,,,,,,,,,,,,,,,,,,,,,,,,,,,,,
	TotalOtherFinanceCost,"34,000,000","99,000,000","-6,000,000","-43,000,000","-16,000,000","-62,000,000","-2,000,000","-13,000,000","-23,000,000","6,000,000","19,000,000","41,000,000","52,000,000","-1,000,000","-68,000,000","36,000,000","16,000,000","37,000,000","9,000,000","5,000,000","-1,000,000","-16,000,000","-2,000,000","-6,000,000","-12,000,000","-4,000,000","-4,000,000",,,,,,,,,,,,,,,,,"175,000,000",,,,,,,,,,,,,,,,,,,,,,,,,,,,,,,,,,,,,,,,,,,,,,,,,,,,,,,,,,
OtherIncomeExpense,"-3,777,000,000","-1,557,000,000","-2,004,000,000","-127,000,000","-528,000,000","-82,000,000","-428,000,000","-11,000,000","-139,000,000","-15,000,000","-592,000,000","451,000,000","534,000,000","-100,000,000","-206,000,000","-302,000,000","-179,000,000","131,000,000","-890,000,000","320,000,000","580,000,000","-234,000,000","-71,000,000","135,000,000","827,000,000","164,000,000","2,080,000,000","3,645,000,000","463,000,000","177,000,000","-69,000,000","1,695,000,000","-135,000,000","969,000,000","1,137,000,000","159,000,000","-245,000,000","77,000,000","377,000,000","405,000,000","-119,000,000","460,000,000","-3,000,000","107,000,000","809,000,000","144,000,000",,,"493,000,000","529,000,000",,,"246,010,410",,,,"233,997,400",,,,"366,712,920",,,,"-3,253,944,960",,,,"401,528,820",,,,"198,300,200",,,,"627,127,800",,,,"-97,632,330",,,,"5,312,450",,,,,,,,,,,,,,,,,
	GainOnSaleOfSecurity,"383,000,000","-150,000,000","187,000,000","7,000,000","71,000,000","2,000,000","937,000,000","119,000,000","-289,000,000","89,000,000","172,000,000","414,000,000","568,000,000","35,000,000","-451,000,000","-77,000,000","-119,000,000","111,000,000","46,000,000","386,000,000","570,000,000","-258,000,000","-49,000,000","103,000,000","683,000,000","98,000,000","-1,962,000,000","3,612,000,000","346,000,000","106,000,000","87,000,000","1,413,000,000","-20,000,000","872,000,000","856,000,000","-5,000,000","-352,000,000","-145,000,000","221,000,000","218,000,000",,"288,000,000",,,,,,,,,,,,,,,,,,,,,,,,,,,,,,,,,,,,,,,,,,,,,,,,,,,,,,,,,,,,
	EarningsFromEquityInterest,"-1,040,000,000","-876,000,000","-143,000,000","3,000,000","-24,000,000","76,000,000","-471,000,000","2,000,000","356,000,000","45,000,000","-431,000,000","79,000,000","56,000,000","29,000,000","-199,000,000","-208,000,000","26,000,000","55,000,000","-439,000,000","-66,000,000","10,000,000","24,000,000","-22,000,000","32,000,000","45,000,000","66,000,000","-14,000,000","33,000,000","117,000,000","71,000,000","-156,000,000","92,000,000","165,000,000","189,000,000","64,000,000","198,000,000","91,000,000","184,000,000","95,000,000","150,000,000","92,000,000","200,000,000",,,,,,,,,,,"174,349,720",,,,"190,171,800",,,,"181,704,600",,,,,,,,,,,,,,,,,,,,,,,,,,,,,,,,,,,,,,,,,
	SpecialIncomeCharges,"-3,120,000,000","-531,000,000","-2,048,000,000","-137,000,000","-575,000,000","-160,000,000","-894,000,000","-132,000,000","-206,000,000","-149,000,000","-333,000,000","-42,000,000","-90,000,000","-164,000,000","444,000,000","-17,000,000","-86,000,000","-35,000,000","-497,000,000",,,,,,,,,,,,,"190,000,000","-280,000,000","-92,000,000","217,000,000","-34,000,000","16,000,000","38,000,000","61,000,000","37,000,000","77,000,000","-28,000,000","-396,000,000","107,000,000","398,000,000","144,000,000",,,,"529,000,000",,,"71,660,690",,,,"43,825,600",,,,"185,008,320",,,,"-3,253,944,960",,,,"401,528,820",,,,"198,300,200",,,,"627,127,800",,,,"-97,632,330",,,,"5,312,450",,,,,,,,,,,,,,,,,
		ImpairmentOfCapitalAssets,"2,876,000,000","459,000,000","1,964,000,000","35,000,000","418,000,000","71,000,000","749,000,000","94,000,000","88,000,000","35,000,000","258,000,000","42,000,000","90,000,000","164,000,000","444,000,000","17,000,000","86,000,000","35,000,000","497,000,000",,,,,,,,,,,,,,,,,,,,,,,,,,,,,,,,,,,,,,,,,,,,,,,,,,,,,,,,,,,,,,,,,,,,,,,,,,,,,,,,,,,
		WriteOff,"415,000,000","72,000,000","84,000,000","102,000,000","157,000,000","89,000,000","145,000,000","38,000,000","118,000,000","114,000,000","591,000,000",,,,,,,,,,,,,,,,,,,,,,,,,,,,,,,,,,,,,,,,,,,,,,,,,,,,,,,,,,,,,,,,,,,,,,,,,,,,,,,,,,,,,,,,,,,
PretaxIncome,"974,000,000","-2,393,000,000","-431,000,000","1,834,000,000","1,964,000,000","2,379,000,000","1,914,000,000","3,302,000,000","2,648,000,000","2,243,000,000","3,497,000,000","1,011,000,000","332,000,000","2,004,000,000","1,036,000,000","-259,000,000","125,000,000","-441,000,000","-6,948,000,000","-65,000,000","482,000,000","1,335,000,000","-1,062,000,000","2,375,000,000","2,406,000,000","3,623,000,000","1,790,000,000","6,808,000,000","1,554,000,000","3,815,000,000","1,306,000,000","5,204,000,000","2,761,000,000","7,644,000,000","4,377,000,000","4,308,000,000","3,719,000,000","4,827,000,000","2,976,000,000","4,341,000,000","3,377,000,000","5,846,000,000","2,326,000,000","3,236,000,000","8,628,000,000","4,081,000,000",,,"6,102,000,000","6,607,000,000",,,"4,919,469,430",,,,"5,583,851,000",,,,"4,045,405,140",,,,"3,114,572,160",,,,"2,509,989,680",,,,"2,025,279,200",,,,"3,137,992,200",,,,"2,368,371,360",,,,"1,050,899,200",,,,,,,,,,,,,,,,,
TaxProvision,"4,841,000,000","534,000,000","1,458,000,000","1,310,000,000","1,539,000,000","1,284,000,000","1,512,000,000","1,772,000,000","1,391,000,000","1,295,000,000","1,450,000,000","666,000,000","314,000,000","1,037,000,000","695,000,000","302,000,000","569,000,000","359,000,000","126,000,000","847,000,000","1,043,000,000","717,000,000","1,602,000,000","779,000,000","1,825,000,000","2,286,000,000","2,388,000,000","2,689,000,000","1,674,000,000","2,251,000,000","3,205,000,000","2,402,000,000","2,516,000,000","3,720,000,000","2,858,000,000","2,483,000,000","2,322,000,000","2,408,000,000","2,132,000,000","2,160,000,000","1,978,000,000","2,887,000,000","1,648,000,000","1,747,000,000","3,511,000,000","1,971,000,000",,,"2,470,000,000","3,012,000,000",,,"2,335,990,740",,,,"2,775,099,600",,,,"1,878,164,820",,,,"1,243,697,280",,,,"968,188,540",,,,"903,926,800",,,,"1,370,739,000",,,,"1,062,407,720",,,,"458,802,500",,,,,,,,,,,,,,,,,
NetIncomeCommonStockholders,"-3,873,000,000","-2,929,000,000","-1,891,000,000","523,000,000","424,000,000","1,092,000,000","399,000,000","1,529,000,000","1,252,000,000","946,000,000","2,047,000,000","344,000,000","18,000,000","965,000,000","340,000,000","-562,000,000","-446,000,000","-792,000,000","-9,017,000,000","-952,000,000","-113,000,000","704,000,000","-2,384,000,000","1,714,000,000","658,000,000","1,303,000,000","-647,000,000","3,989,000,000","275,000,000","1,543,000,000","1,461,000,000","2,483,000,000","227,000,000","3,617,000,000","1,289,000,000","1,770,000,000","1,254,000,000","2,222,000,000","548,000,000","1,724,000,000","1,499,000,000","2,547,000,000","391,000,000","1,240,000,000","5,323,000,000","1,904,000,000","-874,000,000","2,941,000,000","3,437,000,000","3,321,000,000","2,591,563,830","2,578,833,600","2,427,598,220","2,582,532,000","1,956,247,450","1,946,261,200","2,639,709,800","2,972,511,030","2,052,354,070","2,367,229,120","2,167,240,320","2,170,804,020","1,629,384,380","2,284,675,380","1,710,186,240","1,710,167,620","1,041,147,380","1,489,227,600","1,541,801,140","1,540,365,750","1,175,349,140","1,165,571,660","1,121,352,400","1,278,092,200","2,328,159,880","2,138,319,600","1,767,253,200","1,769,402,500","1,490,290,500","1,477,158,980","1,305,963,640","1,301,597,200","939,939,270","772,541,280","592,096,700","569,440,220","589,167,594","578,110,302","620,493,975","632,593,863","673,007,958","652,329,804","642,080,643","623,535,231","594,189,350","586,659,250","587,787,300","583,018,725","561,794,820","522,973,100","513,534,040","516,020,160"
	NetIncome,"-3,873,000,000","-2,929,000,000","-1,891,000,000","523,000,000","424,000,000","1,092,000,000","399,000,000","1,529,000,000","1,252,000,000","946,000,000","2,047,000,000","344,000,000","18,000,000","965,000,000","340,000,000","-562,000,000","-446,000,000","-792,000,000","-9,017,000,000","-952,000,000","-113,000,000","704,000,000","-2,384,000,000","1,714,000,000","658,000,000","1,303,000,000","-647,000,000","3,989,000,000","275,000,000","1,543,000,000","1,461,000,000","2,483,000,000","227,000,000","3,617,000,000","1,289,000,000","1,770,000,000","1,254,000,000","2,222,000,000","548,000,000","1,724,000,000","1,499,000,000","2,547,000,000","391,000,000","1,240,000,000","5,323,000,000","1,904,000,000","-141,000,000","2,941,000,000","3,437,000,000","3,321,000,000","2,591,563,830","2,578,833,600","2,427,598,220","2,582,532,000","1,956,247,450","1,946,261,200","2,639,709,800","2,972,511,030","2,052,354,070","2,367,229,120","2,167,240,320","2,170,804,020","1,629,384,380","2,284,675,380","1,710,186,240","1,710,167,620","1,041,147,380","1,489,227,600","1,541,801,140","1,540,365,750","1,175,349,140","1,165,571,660","1,121,352,400","1,278,092,200","2,328,159,880","2,138,319,600","1,767,253,200","1,769,402,500","1,490,290,500","1,477,158,980","1,305,963,640","1,301,597,200","939,939,270","772,541,280","592,096,700","569,440,220","589,167,594","578,110,302","620,493,975","632,593,863","673,007,958","652,329,804","642,080,643","623,535,231","594,189,350","586,659,250","587,787,300","583,018,725","561,794,820","522,973,100","513,534,040","516,020,160"
		NetIncomeIncludingNoncontrollingInterests,"-3,867,000,000","-2,927,000,000","-1,889,000,000","524,000,000","425,000,000","1,095,000,000","402,000,000","1,530,000,000","1,257,000,000","948,000,000","2,047,000,000","345,000,000","18,000,000","967,000,000","341,000,000","-561,000,000","-444,000,000","-789,000,000","-9,118,000,000","-912,000,000","-561,000,000","618,000,000","-2,664,000,000","1,596,000,000","581,000,000","1,337,000,000","-598,000,000","4,119,000,000","-120,000,000","1,564,000,000","1,526,000,000","2,850,000,000","373,000,000","3,924,000,000","1,519,000,000","1,825,000,000","1,500,000,000","2,419,000,000","844,000,000","2,181,000,000","1,399,000,000","2,959,000,000","678,000,000","1,489,000,000","4,648,000,000","2,110,000,000","-874,000,000","2,941,000,000","3,632,000,000","3,595,000,000","3,390,602,380","2,578,833,600","2,582,739,920","2,582,532,000","2,562,399,450","1,946,261,200","2,808,751,400","2,972,511,030","2,510,814,400","2,367,229,120","2,253,137,040","2,170,804,020","2,243,134,140","2,284,675,380","1,870,874,880","1,710,167,620","1,608,878,830","1,489,227,600","1,679,989,630","1,540,365,750","1,805,262,310","1,165,571,660","1,304,553,600","1,278,092,200","2,805,821,630","2,138,319,600","1,820,200,200","1,769,402,500","1,741,569,140","1,477,158,980","1,355,304,710","1,301,597,200","1,080,063,660","772,541,280","639,908,750","569,440,220","730,709,154","578,110,302","620,493,975","632,593,863","752,098,788","652,329,804","642,080,643","623,535,231","668,108,590","586,659,250","587,787,300","583,018,725","673,321,950","522,973,100","513,534,040","516,020,160"
			NetIncomeContinuousOperations,"-3,867,000,000","-2,927,000,000","-1,889,000,000","524,000,000","425,000,000","1,095,000,000","402,000,000","1,530,000,000","1,257,000,000","948,000,000","2,047,000,000","345,000,000","18,000,000","967,000,000","341,000,000","-561,000,000","-444,000,000","-800,000,000","-7,074,000,000","-912,000,000","-561,000,000","618,000,000","-2,664,000,000","1,596,000,000","581,000,000","1,337,000,000","-598,000,000","4,119,000,000","-120,000,000","1,564,000,000","-1,899,000,000","2,802,000,000","245,000,000","3,924,000,000","1,519,000,000","1,825,000,000","1,397,000,000","2,419,000,000","844,000,000","2,181,000,000","1,399,000,000","2,959,000,000","678,000,000","1,489,000,000","4,648,000,000","2,110,000,000","-874,000,000","2,941,000,000","3,632,000,000","3,595,000,000","2,591,563,830","2,578,833,600","2,427,598,220","2,582,532,000","1,956,247,450","1,946,261,200","2,639,709,800","2,972,511,030","2,052,354,070","2,367,229,120","2,167,240,320","2,170,804,020","1,629,384,380","2,284,675,380","1,710,186,240","1,710,167,620","1,041,147,380","1,489,227,600","1,541,801,140","1,540,365,750","1,175,349,140","1,165,571,660","1,121,352,400","1,278,092,200","2,328,159,880","2,138,319,600","1,767,253,200","1,769,402,500","1,490,290,500","1,477,158,980","1,305,963,640","1,301,597,200","939,939,270","772,541,280","592,096,700","569,440,220","589,167,594","578,110,302","620,493,975","632,593,863","673,007,958","652,329,804","642,080,643","623,535,231","594,189,350","586,659,250","587,787,300","583,018,725","561,794,820","522,973,100","513,534,040","516,020,160"
			NetIncomeDiscontinuousOperations,,,,,,,,,,,,,,,"0","0",,"11,000,000","-2,044,000,000",,,,,,,,"0","0",,"0","3,425,000,000","48,000,000","128,000,000",,,,"103,000,000",,,,,,,,,,,,,,,,,,,,,,,,,,,,,,,,,,,,,,,,,,,,,,,,,,,,,,,,,,,,,,,,,
		MinorityInterests,"-6,000,000","-2,000,000","-2,000,000","-1,000,000","-1,000,000","-3,000,000","-3,000,000","-1,000,000","-5,000,000","-2,000,000",,"-1,000,000","0","-2,000,000","-1,000,000","-1,000,000","-2,000,000","-3,000,000","101,000,000","-40,000,000","448,000,000","86,000,000","280,000,000","118,000,000","77,000,000","-34,000,000","-49,000,000","-130,000,000","395,000,000","-21,000,000","-65,000,000","-367,000,000","-146,000,000","-307,000,000","-230,000,000","-55,000,000","-246,000,000","-197,000,000","-296,000,000","-457,000,000","100,000,000","-412,000,000","-287,000,000","-249,000,000","675,000,000","-206,000,000",,,"-195,000,000","-274,000,000",,,"-155,141,700",,,,"-169,041,600",,,,"-85,896,720",,,,"-160,688,640",,,,"-138,188,490",,,,"-183,201,200",,,,"-52,947,000",,,,"-49,341,070",,,,"-47,812,050",,,,,,,,,,,,,,,,,
DilutedNIAvailtoComStockholders,"-3,873,000,000","-2,929,000,000","-1,891,000,000","523,000,000","424,000,000","1,092,000,000","399,000,000","1,529,000,000","1,252,000,000","946,000,000","2,047,000,000","344,000,000","18,000,000","965,000,000","340,000,000","-562,000,000","-446,000,000","-792,000,000","-9,017,000,000","-952,000,000","-113,000,000","704,000,000","-2,384,000,000","1,714,000,000","658,000,000","1,303,000,000","-647,000,000","3,989,000,000","275,000,000","1,543,000,000","1,461,000,000","2,483,000,000","227,000,000","3,617,000,000","1,289,000,000","1,770,000,000","1,254,000,000","2,222,000,000","548,000,000","1,724,000,000","1,499,000,000","2,547,000,000","391,000,000","1,240,000,000","5,323,000,000","1,904,000,000","-874,000,000","2,941,000,000","3,437,000,000","3,321,000,000","2,591,563,830","2,578,833,600","2,427,598,220","2,582,532,000","1,956,247,450","1,946,261,200","2,639,709,800","2,972,511,030","2,052,354,070","2,367,229,120","2,167,240,320","2,170,804,020","1,629,384,380","2,284,675,380","1,710,186,240","1,710,167,620","1,041,147,380","1,489,227,600","1,541,801,140","1,540,365,750","1,175,349,140","1,165,571,660","1,121,352,400","1,278,092,200","2,328,159,880","2,138,319,600","1,767,253,200","1,769,402,500","1,490,290,500","1,477,158,980","1,305,963,640","1,301,597,200","939,939,270","772,541,280","592,096,700","569,440,220","589,167,594","578,110,302","620,493,975","632,593,863","673,007,958","652,329,804","642,080,643","623,535,231","594,189,350","586,659,250","587,787,300","583,018,725","561,794,820","522,973,100","513,534,040","516,020,160"
BasicEPS,,"-1.64","-1.06","0.3",,"0.6","0.28","0.84","0.7","0.52","1.16","0.2",,"0.54","0.18","-0.32","-0.24","-0.44","-4.7","-0.52","-0.08","0.4","-1.3","0.96",,"0.72","-0.34","2.2","0.14","0.86","0.8","1.38","0.12","2",,"0.98","0.7","1.22",,"0.96",,"1.4",,"0.68",,"0.98",,"1.62",,"1.66",,"1.406","0.66","0.66",,"1.057","1.421","1.595",,"1.147","1.148","1.15",,"1.213","0.907","0.909",,"0.79","0.816","0.816",,"0.611","0.584","0.665",,"1.099","0.897","0.868",,"0.739","0.655","0.653",,"0.385","0.297","0.286",,"0.289","0.31","0.316",,"0.325","0.32","0.31",,"0.298","0.299","0.296",,"0.26","0.256","0.257"
DilutedEPS,,"-1.64","-1.06","0.3",,"0.6","0.28","0.84","0.7","0.52","1.16","0.2",,"0.54","0.18","-0.32","-0.24","-0.44","-4.7","-0.52","-0.08","0.4","-1.3","0.96",,"0.72","-0.34","2.2","0.14","0.86","0.8","1.38","0.12","2",,"0.98","0.7","1.22",,"0.96",,"1.4",,"0.64",,"0.98",,"1.62",,"1.66",,"1.406","0.66","0.66",,"1.057","1.421","1.595",,"1.147","1.148","1.15",,"1.213","0.907","0.909",,"0.79","0.816","0.816",,"0.611","0.584","0.665",,"1.099","0.897","0.868",,"0.739","0.655","0.653",,"0.385","0.297","0.286",,"0.289","0.31","0.316",,"0.325","0.32","0.31",,"0.298","0.299","0.296",,"0.26","0.256","0.257"
BasicAverageShares,,"1,786,250,000","1,788,550,000","1,795,250,000",,"1,820,000,000","1,782,142,857","1,820,238,095","1,788,571,429","1,819,230,769","1,810,344,828","1,720,000,000",,"1,787,037,037","1,800,550,000","1,756,250,000","1,858,333,333","1,800,550,000","1,800,000,000","1,830,769,231","1,412,500,000","1,805,200,000","1,801,538,462","1,785,416,667",,"1,811,400,000","1,811,400,000","1,813,181,818","1,811,400,000","1,794,186,047","1,811,400,000","1,799,275,362","1,811,400,000","1,808,500,000",,"1,806,122,449","1,811,300,000","1,811,200,000",,"1,795,833,333",,"1,811,250,000",,"1,823,529,412",,"1,811,200,000",,"1,817,850,000",,"1,826,550,000",,"1,834,152,904","1,836,827,693","1,836,827,693",,"1,841,771,680","1,856,668,748","1,863,672,450",,"2,063,917,675","1,882,851,715","1,888,387,824",,"1,884,252,136","1,885,859,465","1,885,859,465",,"1,884,416,656","2,000,923,663","1,888,295,485",,"1,907,018,358","1,920,888,195","1,920,689,655",,"1,945,432,030","1,970,160,068","2,039,473,684",,"1,998,466,258","2,000,532,413","1,993,589,744",,"2,004,854,369","1,990,259,740","1,990,259,740",,"2,003,823,529","2,003,823,529","2,003,823,529",,"2,009,166,667","2,009,166,667","2,009,166,667",,"1,969,086,022","1,969,086,022","1,969,086,022",,"2,008,823,529","2,008,823,529","2,008,823,529"
DilutedAverageShares,,"1,787,400,000","1,789,650,000","1,796,650,000",,"1,820,000,000","1,782,142,857","1,820,238,095","1,788,571,429","1,819,230,769","1,810,344,828","1,720,000,000",,"1,787,037,037","1,800,550,000","1,756,250,000","1,858,333,333","1,800,550,000","1,800,000,000","1,830,769,231","1,800,550,000","1,805,200,000","1,801,700,000","1,804,150,000",,"1,811,400,000","1,811,400,000","1,813,181,818","1,811,400,000","1,794,186,047","1,811,400,000","1,811,400,000","1,811,400,000","1,811,350,000",,"1,811,350,000","1,811,300,000","1,811,200,000",,"1,811,250,000",,"1,811,250,000",,"1,823,529,412",,"1,811,200,000",,"1,824,555,126",,"1,826,550,000",,"1,834,152,904","1,838,252,317","1,838,252,317",,"1,841,771,680","1,856,668,748","1,863,672,450",,"2,063,917,675","1,882,851,715","1,888,387,824",,"1,884,252,136","1,885,859,465","1,885,859,465",,"1,884,416,656","2,000,923,663","1,888,295,485",,"1,907,018,358","1,920,888,195","1,920,689,655",,"1,945,432,030","1,970,160,068","2,039,473,684",,"1,998,466,258","2,000,532,413","1,993,589,744",,"2,004,854,369","1,990,259,740","1,990,259,740",,"2,003,823,529","2,003,823,529","2,003,823,529",,"2,009,166,667","2,009,166,667","2,009,166,667",,"1,969,086,022","1,969,086,022","1,969,086,022",,"2,008,823,529","2,008,823,529","2,008,823,529"
TotalOperatingIncomeAsReported,"2,819,000,000","-1,095,000,000","-178,000,000","1,861,000,000","2,231,000,000","2,518,000,000","1,496,000,000","3,449,000,000","2,639,000,000","2,399,000,000","4,340,000,000","998,000,000","563,000,000","2,111,000,000","1,640,000,000","192,000,000","220,000,000","-321,000,000","-6,090,000,000","61,000,000","394,000,000","1,551,000,000","-563,000,000","2,579,000,000","2,255,000,000","3,646,000,000","292,000,000","3,303,000,000","1,471,000,000","3,834,000,000","1,650,000,000","4,072,000,000","2,780,000,000","6,834,000,000","3,483,000,000","4,504,000,000","3,604,000,000","4,847,000,000","2,875,000,000","4,084,000,000","3,514,000,000","5,638,000,000","2,466,000,000","3,217,000,000","8,003,000,000","3,967,000,000","464,000,000","6,276,000,000","5,724,000,000","6,177,000,000",,,"4,660,899,930",,,,"5,274,724,000",,,,"4,012,367,940",,,,"7,041,605,760",,,,"2,550,837,850",,,,"2,269,883,000",,,,"3,066,219,600",,,,"2,195,152,710",,,,"904,565,350",,,,,,,,,,,,,,,,,
TotalExpenses,"59,543,000,000","14,437,000,000","14,345,000,000","14,688,000,000","15,634,000,000","15,862,000,000","17,666,000,000","16,114,000,000","15,294,000,000","15,384,000,000","12,872,000,000","14,644,000,000","15,007,000,000","15,772,000,000","14,611,000,000","12,909,000,000","13,110,000,000","12,643,000,000","19,482,000,000","18,746,000,000","21,799,000,000","22,235,000,000","27,254,000,000","24,021,000,000","25,501,000,000","25,557,000,000","26,093,000,000","26,120,000,000","26,650,000,000","27,331,000,000","30,873,000,000","27,840,000,000","27,518,000,000","27,118,000,000","27,122,000,000","21,631,000,000","20,882,000,000","20,280,000,000","25,507,000,000","18,868,000,000","15,745,000,000","23,346,000,000","19,989,000,000","16,171,000,000","23,830,000,000","20,134,000,000","24,821,000,000","21,885,000,000","21,621,000,000","22,306,000,000",,,"16,404,387,850",,,,"17,088,853,600",,,,"12,363,346,170",,,,"12,250,049,280",,,,"10,677,016,350",,,,"9,080,538,600",,,,"9,529,283,400",,,,"8,967,477,020",,,,"6,006,932,100",,,,,,,,,,,,,,,,,
NetIncomeFromContinuingAndDiscontinuedOperation,"-3,873,000,000","-2,929,000,000","-1,891,000,000","523,000,000","424,000,000","1,092,000,000","399,000,000","1,529,000,000","1,252,000,000","946,000,000","2,047,000,000","344,000,000","18,000,000","965,000,000","340,000,000","-562,000,000","-446,000,000","-792,000,000","-9,017,000,000","-952,000,000","-113,000,000","704,000,000","-2,384,000,000","1,714,000,000","658,000,000","1,303,000,000","-647,000,000","3,989,000,000","275,000,000","1,543,000,000","1,461,000,000","2,483,000,000","227,000,000","3,617,000,000","1,289,000,000","1,770,000,000","1,254,000,000","2,222,000,000","548,000,000","1,724,000,000","1,499,000,000","2,547,000,000","391,000,000","1,240,000,000","5,323,000,000","1,904,000,000","-141,000,000","2,941,000,000","3,437,000,000","3,321,000,000","2,591,563,830","2,578,833,600","2,427,598,220","2,582,532,000","1,956,247,450","1,946,261,200","2,639,709,800","2,972,511,030","2,052,354,070","2,367,229,120","2,167,240,320","2,170,804,020","1,629,384,380","2,284,675,380","1,710,186,240","1,710,167,620","1,041,147,380","1,489,227,600","1,541,801,140","1,540,365,750","1,175,349,140","1,165,571,660","1,121,352,400","1,278,092,200","2,328,159,880","2,138,319,600","1,767,253,200","1,769,402,500","1,490,290,500","1,477,158,980","1,305,963,640","1,301,597,200","939,939,270","772,541,280","592,096,700","569,440,220","589,167,594","578,110,302","620,493,975","632,593,863","673,007,958","652,329,804","642,080,643","623,535,231","594,189,350","586,659,250","587,787,300","583,018,725","561,794,820","522,973,100","513,534,040","516,020,160"
NormalizedIncome,"-2,230,800,000","-2,520,400,000","-476,640,000","621,800,000","807,040,000","1,212,080,000","366,320,000","1,538,880,000","1,628,200,000","991,600,000","2,169,360,000","61,280,000","-345,280,000","1,063,040,000","344,802,000","-497,516,000","-305,370,000","-855,136,000","-6,663,614,000","-1,216,796,000","-504,020,000","880,988,000","-2,348,475,000","1,644,784,000","162,825,000","1,231,950,000","775,450,000","1,803,655,111.633","24,150,000","1,466,150,000","-2,027,075,000","1,272,825,000","316,500,000","3,051,500,000","511,075,000","1,798,275,000","1,394,600,000","2,299,575,000","343,550,000","1,539,125,000","1,443,175,000","2,358,500,000","678,100,000","1,162,425,000","5,034,450,000","1,799,600,000","-141,000,000","2,941,000,000","3,437,000,000","2,937,475,000","2,591,563,830","2,578,833,600","2,379,585,557.7","2,582,532,000","1,956,247,450","1,946,261,200","2,613,414,440","2,972,511,030","2,052,354,070","2,367,229,120","2,056,235,328","2,170,804,020","1,629,384,380","2,284,675,380","3,664,780,185.438","1,710,167,620","1,041,147,380","1,489,227,600","1,295,155,666.773","1,540,365,750","1,175,349,140","1,165,571,660","1,002,372,280","1,278,092,200","2,328,159,880","2,138,319,600","1,390,976,520","1,769,402,500","1,490,290,500","1,477,158,980","1,364,543,038","1,301,597,200","939,939,270","772,541,280","588,909,230","569,440,220","589,167,594","578,110,302","620,493,975","632,593,863","673,007,958","652,329,804","642,080,643","623,535,231","594,189,350","586,659,250","587,787,300","583,018,725","561,794,820","522,973,100","513,534,040","516,020,160"
InterestIncome,"3,166,000,000","1,345,000,000","662,000,000","1,005,000,000","154,000,000","1,266,000,000","926,000,000","692,000,000","1,545,000,000","804,000,000","667,000,000","985,000,000","946,000,000","1,326,000,000","1,898,000,000","762,000,000","1,357,000,000","1,822,000,000","1,517,000,000","1,470,000,000","1,212,000,000","5,189,000,000","343,000,000","2,755,000,000","1,808,000,000","1,553,000,000","1,268,000,000","1,237,000,000","1,276,000,000","1,947,000,000","1,137,000,000",,"3,873,000,000","2,338,000,000","1,761,000,000","1,760,000,000","260,000,000","1,363,000,000","1,139,000,000","1,318,000,000","543,000,000","3,117,000,000",,,,,,,,,,,,,,,,,,,,,,,,,,,,,,,,,,,,,,,,,,,,,,,,,,,,,,,,,,,,
InterestExpense,"4,052,000,000","1,518,000,000","965,000,000","1,085,000,000","484,000,000","1,545,000,000","976,000,000","973,000,000","1,626,000,000","1,088,000,000","1,232,000,000","1,424,000,000","1,732,000,000","1,498,000,000","1,920,000,000","892,000,000","1,343,000,000","2,071,000,000","1,973,000,000","1,911,000,000","1,705,000,000","5,187,000,000","773,000,000","3,100,000,000","2,093,000,000","1,744,000,000","1,467,000,000","1,377,000,000","1,656,000,000","2,143,000,000","1,412,000,000","373,000,000","4,037,000,000","2,589,000,000","1,787,000,000","2,149,000,000","68,000,000","1,422,000,000","1,354,000,000","1,429,000,000","533,000,000","3,397,000,000",,,"2,723,000,000","30,000,000",,,"2,654,000,000","99,000,000",,,,,,,,,,,,,,,,,,,,,,,,,,,,,,,,,,,,,,,,,,,,,,,,,,,,
NetInterestIncome,"-920,000,000","-272,000,000","-297,000,000","-37,000,000","-314,000,000","-217,000,000","-48,000,000","-268,000,000","-58,000,000","-290,000,000","-584,000,000","-480,000,000","-838,000,000","-171,000,000","46,000,000","-166,000,000","-2,000,000","-286,000,000","-465,000,000","-446,000,000","-492,000,000","18,000,000","-428,000,000","-339,000,000","-273,000,000","-187,000,000","-195,000,000","-140,000,000","-380,000,000","-196,000,000","-275,000,000","-373,000,000","-164,000,000","-251,000,000","-26,000,000","-389,000,000","192,000,000","-59,000,000","-215,000,000","-111,000,000","10,000,000","-280,000,000","-153,000,000","-175,000,000","-184,000,000","-30,000,000",,,"-115,000,000","-99,000,000",,,,,,,,,,,,,,,,,,,,,,,,,,,,,,,,,,,,,,,,,,,,,,,,,,,,
EBIT,"5,026,000,000","-875,000,000","534,000,000","2,919,000,000","2,448,000,000","3,924,000,000","2,890,000,000","4,275,000,000","4,274,000,000","3,331,000,000","4,729,000,000","2,435,000,000","2,064,000,000","3,502,000,000","2,956,000,000","633,000,000","1,468,000,000","1,630,000,000","-4,975,000,000","1,846,000,000","2,187,000,000","6,522,000,000","-289,000,000","5,475,000,000","4,499,000,000","5,367,000,000","3,257,000,000","8,185,000,000","3,210,000,000","5,958,000,000","2,718,000,000","5,577,000,000","6,798,000,000","10,233,000,000","6,164,000,000","6,457,000,000","3,787,000,000","6,249,000,000","4,330,000,000","5,770,000,000","3,910,000,000","9,243,000,000","8,942,000,000","3,304,000,000","11,351,000,000","4,111,000,000","9,271,000,000","6,276,000,000","8,756,000,000","6,706,000,000","-46,228,984,610","22,981,752,150","4,660,899,930","21,059,987,040","-46,588,849,320","20,883,303,880","5,274,724,000","23,572,185,720","-35,767,476,940","19,946,066,430","4,012,367,940","16,241,687,220","-38,750,464,120","13,753,086,360","6,868,619,520","19,114,593,000","-31,088,936,210","14,988,355,200","2,473,487,060","13,139,329,000","-28,128,794,740","12,275,464,520","3,042,951,800","13,818,081,200","-24,864,161,890","12,135,073,500","3,565,098,000","12,920,062,900","-25,847,173,180","12,223,122,120","2,342,126,110","11,271,789,900","-16,836,659,760","7,835,775,840","980,871,450","6,720,416,430","-18,036,886,026","7,038,045,322","7,554,033,725","7,701,340,493","-18,512,014,962","7,738,851,904","7,617,261,968","7,397,250,256","-17,987,928,440","7,603,183,970","7,617,803,652","7,556,002,269","-16,194,456,200","6,875,067,160","6,750,980,144","6,783,662,976"
EBITDA,"13,145,000,000"
ReconciledCostOfRevenue,"57,246,000,000","13,549,000,000","14,113,000,000","14,250,000,000","15,334,000,000","15,283,000,000","17,004,000,000","15,552,000,000","15,387,000,000","14,667,000,000","15,508,000,000","14,002,000,000","14,391,000,000","15,452,000,000","14,311,000,000","12,564,000,000","12,787,000,000","12,006,000,000","19,262,000,000","17,370,000,000","20,246,000,000","21,357,000,000","26,384,000,000","22,921,000,000","23,910,000,000","24,624,000,000","24,816,000,000","25,232,000,000","25,382,000,000","26,376,000,000","30,272,000,000","24,138,000,000","23,993,000,000","23,557,000,000","23,426,000,000","18,564,000,000","17,956,000,000","17,083,000,000","21,554,000,000","15,724,000,000","12,435,000,000","20,120,000,000","12,990,000,000","14,105,000,000","19,972,000,000","18,073,000,000",,,"17,516,000,000","20,561,000,000",,,"13,862,280,280",,,,"14,701,923,600",,,,"10,459,577,520",,,,"7,401,515,520",,,,"8,519,885,330",,,,"7,866,579,000",,,,"8,191,489,200",,,,"7,249,987,860",,,,"4,434,446,900",,,,,,,,,,,,,,,,,
ReconciledDepreciation,"8,119,000,000","1,880,000,000","2,213,000,000","2,067,000,000","1,959,000,000","1,867,000,000","1,678,000,000","1,704,000,000","1,771,000,000","1,835,000,000","1,768,000,000","1,938,000,000","1,944,000,000","1,833,000,000","1,965,000,000","1,922,000,000","2,018,000,000","1,827,000,000","7,367,000,000","2,625,000,000","2,853,000,000","2,647,000,000","2,767,000,000","2,393,000,000","2,574,000,000","2,236,000,000","2,579,000,000","2,303,000,000","2,445,000,000","2,121,000,000","2,437,000,000","2,524,000,000","2,380,000,000","2,336,000,000","2,371,000,000","1,905,000,000","1,869,000,000","2,152,000,000","2,458,000,000","2,053,000,000","2,263,000,000","2,107,000,000","2,818,000,000","2,066,000,000","1,800,000,000","2,078,000,000",,,"2,134,000,000","1,744,000,000",,,"1,652,628,490",,,,"1,518,244,000",,,,"1,271,932,200",,,,"1,114,982,400",,,,"1,293,235,680",,,,"1,260,263,200",,,,"1,113,063,600",,,,"1,018,315,700",,,,"867,861,150",,,,,,,,,,,,,,,,,
NetIncomeFromContinuingOperationNetMinorityInterest,"-3,873,000,000","-2,929,000,000","-1,891,000,000","523,000,000","424,000,000","1,092,000,000","399,000,000","1,529,000,000","1,252,000,000","946,000,000","2,047,000,000","344,000,000","18,000,000","965,000,000","340,000,000","-562,000,000","-446,000,000","-803,000,000","-6,973,000,000","-952,000,000","-113,000,000","704,000,000","-2,384,000,000","1,714,000,000","658,000,000","1,303,000,000","-647,000,000","3,989,000,000","275,000,000","1,543,000,000","-1,964,000,000","2,435,000,000","99,000,000","3,617,000,000","1,289,000,000","1,770,000,000","1,151,000,000","2,222,000,000","548,000,000","1,724,000,000","1,499,000,000","2,547,000,000","391,000,000","1,240,000,000","5,323,000,000","1,904,000,000","-141,000,000","2,941,000,000","3,437,000,000","3,321,000,000","2,591,563,830","2,578,833,600","2,427,598,220","2,582,532,000","1,956,247,450","1,946,261,200","2,639,709,800","2,972,511,030","2,052,354,070","2,367,229,120","2,167,240,320","2,170,804,020","1,629,384,380","2,284,675,380","1,710,186,240","1,710,167,620","1,041,147,380","1,489,227,600","1,541,801,140","1,540,365,750","1,175,349,140","1,165,571,660","1,121,352,400","1,278,092,200","2,328,159,880","2,138,319,600","1,767,253,200","1,769,402,500","1,490,290,500","1,477,158,980","1,305,963,640","1,301,597,200","939,939,270","772,541,280","592,096,700","569,440,220","589,167,594","578,110,302","620,493,975","632,593,863","673,007,958","652,329,804","642,080,643","623,535,231","594,189,350","586,659,250","587,787,300","583,018,725","561,794,820","522,973,100","513,534,040","516,020,160"
TotalUnusualItemsExcludingGoodwill,"-2,737,000,000","-681,000,000","-1,861,000,000","-130,000,000","-504,000,000","-158,000,000","43,000,000","-13,000,000","-495,000,000","-60,000,000","-161,000,000","372,000,000","478,000,000","-129,000,000","-7,000,000","-94,000,000","-205,000,000","76,000,000","-451,000,000","386,000,000","570,000,000","-258,000,000","-49,000,000","103,000,000","683,000,000","98,000,000","-1,962,000,000","3,612,000,000","346,000,000","106,000,000","87,000,000","1,603,000,000","-300,000,000","780,000,000","1,073,000,000","-39,000,000","-336,000,000","-107,000,000","282,000,000","255,000,000","77,000,000","260,000,000","-396,000,000","107,000,000","398,000,000","144,000,000",,,,"529,000,000",,,"71,660,690",,,,"43,825,600",,,,"185,008,320",,,,"-3,253,944,960",,,,"401,528,820",,,,"198,300,200",,,,"627,127,800",,,,"-97,632,330",,,,"5,312,450",,,,,,,,,,,,,,,,,
TotalUnusualItems,"-2,737,000,000","-681,000,000","-1,861,000,000","-130,000,000","-504,000,000","-158,000,000","43,000,000","-13,000,000","-495,000,000","-60,000,000","-161,000,000","372,000,000","478,000,000","-129,000,000","-7,000,000","-94,000,000","-205,000,000","76,000,000","-451,000,000","386,000,000","570,000,000","-258,000,000","-49,000,000","103,000,000","683,000,000","98,000,000","-1,962,000,000","3,612,000,000","346,000,000","106,000,000","87,000,000","1,603,000,000","-300,000,000","780,000,000","1,073,000,000","-39,000,000","-336,000,000","-107,000,000","282,000,000","255,000,000","77,000,000","260,000,000","-396,000,000","107,000,000","398,000,000","144,000,000",,,,"529,000,000",,,"71,660,690",,,,"43,825,600",,,,"185,008,320",,,,"-3,253,944,960",,,,"401,528,820",,,,"198,300,200",,,,"627,127,800",,,,"-97,632,330",,,,"5,312,450",,,,,,,,,,,,,,,,,
NormalizedEBITDA,"15,882,000,000","1,686,000,000","4,608,000,000","5,116,000,000","4,911,000,000","5,949,000,000","4,525,000,000","5,992,000,000","6,540,000,000","5,226,000,000","6,658,000,000","4,001,000,000","3,530,000,000","5,464,000,000","4,928,000,000","2,649,000,000","3,691,000,000","3,381,000,000","2,843,000,000","4,085,000,000","4,470,000,000","9,427,000,000","2,527,000,000","7,765,000,000","6,390,000,000","7,505,000,000","7,798,000,000","6,876,000,000","5,309,000,000","7,973,000,000","5,068,000,000","6,507,000,000","10,631,000,000","11,800,000,000","8,186,000,000","8,441,000,000","6,156,000,000","8,540,000,000","7,099,000,000","7,584,000,000","6,168,000,000","11,107,000,000","12,599,000,000","5,263,000,000","13,164,000,000","6,145,000,000","12,785,000,000","8,188,000,000","11,199,000,000","8,123,000,000","-46,228,984,610","22,981,752,150","6,241,867,730","21,059,987,040","-46,588,849,320","20,883,303,880","6,749,142,400","23,572,185,720","-35,767,476,940","19,946,066,430","5,099,291,820","16,241,687,220","-38,750,464,120","13,753,086,360","11,237,546,880","19,114,593,000","-31,088,936,210","14,988,355,200","3,365,193,920","13,139,329,000","-28,128,794,740","12,275,464,520","4,104,914,800","13,818,081,200","-24,864,161,890","12,135,073,500","4,051,033,800","12,920,062,900","-25,847,173,180","12,223,122,120","3,458,074,140","11,271,789,900","-16,836,659,760","7,835,775,840","1,843,420,150","6,720,416,430","-18,036,886,026","7,038,045,322","7,554,033,725","7,701,340,493","-18,512,014,962","7,738,851,904","7,617,261,968","7,397,250,256","-17,987,928,440","7,603,183,970","7,617,803,652","7,556,002,269","-16,194,456,200","6,875,067,160","6,750,980,144","6,783,662,976"
TaxRateForCalcs,"0.4","0.4","0.24","0.24","0.24","0.24","0.24","0.24","0.24","0.24","0.24","0.24","0.24","0.24","0.314","0.314","0.314","0.314","0.314","0.314","0.314","0.314","0.275","0.328","0.275","0.275","0.275","0.395","0.275","0.275","0.275","0.275","0.275","0.275","0.275","0.275","0.275","0.275","0.275","0.275","0.275","0.275","0.275","0.275","0.275","0.275","0.275","0.275","0.275","0.275","0.33","0.33","0.33","0.33","0.4","0.4","0.4","0.4","0.4","0.4","0.4","0.4","0.4","0.4","0.399","0.4","0.4","0.4","0.386","0.4","0.4","0.4","0.4","0.4","0.4","0.4","0.4","0.4","0.4","0.4","0.4","0.4","0.4","0.4","0.4","0.4","0.4","0.4","0.4","0.4","0.4","0.4","0.4","0.4","0.4","0.4","0.4","0.4","0.4","0.4","0.4","0.4"
TaxEffectOfUnusualItems,"-1,094,800,000","-272,400,000","-446,640,000","-31,200,000","-120,960,000","-37,920,000","10,320,000","-3,120,000","-118,800,000","-14,400,000","-38,640,000","89,280,000","114,720,000","-30,960,000","-2,198,000","-29,516,000","-64,370,000","23,864,000","-141,614,000","121,204,000","178,980,000","-81,012,000","-13,475,000","33,784,000","187,825,000","26,950,000","-539,550,000","1,426,655,111.633","95,150,000","29,150,000","23,925,000","440,825,000","-82,500,000","214,500,000","295,075,000","-10,725,000","-92,400,000","-29,425,000","77,550,000","70,125,000","21,175,000","71,500,000","-108,900,000","29,425,000","109,450,000","39,600,000","0","0","0","145,475,000","0","0","23,648,027.7","0","0","0","17,530,240","0","0","0","74,003,328","0","0","0","-1,299,351,014.562","0","0","0","154,883,346.773","0","0","0","79,320,080","0","0","0","250,851,120","0","0","0","-39,052,932","0","0","0","2,124,980","0","0","0","0","0","0","0","0","0","0","0","0","0","0","0","0","0"