name,ttm,03/31/2020,12/31/2019,09/30/2019,06/30/2019,03/31/2019,12/31/2018,09/30/2018,06/30/2018,03/31/2018,12/31/2017,09/30/2017,06/30/2017,03/31/2017,12/31/2016,09/30/2016,06/30/2016,03/31/2016,12/31/2015,09/30/2015,06/30/2015,03/31/2015,12/31/2014,09/30/2014,06/30/2014,03/31/2014,12/31/2013,09/30/2013,06/30/2013,03/31/2013,12/31/2012,09/30/2012,06/30/2012,03/31/2012,12/31/2011,09/30/2011,06/30/2011,03/31/2011,12/31/2010,09/30/2010,06/30/2010,03/31/2010,12/31/2009,09/30/2009,06/30/2009,03/31/2009,12/31/2008,09/30/2008,06/30/2008,03/31/2008,12/31/2007,09/30/2007,06/30/2007,03/31/2007,12/31/2006,09/30/2006,06/30/2006,03/31/2006,12/31/2005,09/30/2005,06/30/2005,03/31/2005,12/31/2004,09/30/2004,06/30/2004,03/31/2004,12/31/2003,09/30/2003,06/30/2003,03/31/2003,12/31/2002,09/30/2002,06/30/2002,03/31/2002,12/31/2001,09/30/2001,06/30/2001,03/31/2001,12/31/2000,09/30/2000,06/30/2000,03/31/2000,12/31/1999,09/30/1999,06/30/1999,03/31/1999,12/31/1998,09/30/1998,06/30/1998,03/31/1998,09/30/1997,06/30/1997,03/31/1997,03/31/1994
TotalRevenue,"12,669,582,000","2,985,000,000","3,394,376,000","3,165,623,000","3,124,583,000","3,368,794,000","3,499,134,000","3,074,000,000","2,916,068,000","2,613,000,000","2,610,590,000","2,508,000,000","2,307,000,000","2,166,000,000","-1,123,768,373.132","4,672,493,542.712","1,749,066,344.356","1,809,427,688.914","-854,881,832.32","2,033,643,173.665","1,802,484,006.724","2,766,938,659.486","3,108,763,261.703","2,400,482,272.854","3,010,853,710.333","2,732,506,137.267","2,492,939,706.819","2,838,836,451.081","2,524,562,759.349","2,967,537,827.927","2,454,319,871.838","3,956,002,255.517","3,056,031,493.478","3,304,677,165.459","3,323,012,905.09","2,633,641,574.939","3,429,159,451.506","3,198,405,053.368","3,772,708,477.863","3,995,735,140.021","3,125,868,602.754","2,823,572,291.815","4,078,317,103.537","2,852,915,517.147","2,941,165,152.941","2,721,408,300.374","2,113,393,898.953","2,611,793,880.317","3,390,697,372.719","2,807,381,674.18","3,494,073,353.366","2,648,512,518.696","2,079,900,159.695","1,988,731,001.276","1,880,624,414.893","1,876,231,254.947","1,760,013,272.84","1,757,288,275.298","1,766,643,044.501","1,696,601,775.141","1,403,174,327.018","1,355,688,898.12","1,494,976,401.189","1,186,973,499.566","1,147,208,246.285","1,134,282,361.535","998,723,408.436","1,069,920,028.907","932,291,723.691","817,640,312.125","793,056,103.151","771,478,759.587","908,578,701.969","958,860,788.891","1,281,502,331.285","936,105,748.973","1,124,697,644.848","1,161,114,381.269","1,157,246,122.829","1,092,503,373.575","1,071,066,862.682","1,200,746,832.739","1,168,540,583.278","918,509,796.099","1,741,325,444.559","459,317,755.255","796,728,340.294","793,802,634.212","735,170,275.382","843,951,153.292",,,,
	OperatingRevenue,"12,669,582,000","2,985,000,000","3,394,376,000","3,165,623,000","3,124,583,000","3,368,794,000","3,499,134,000","3,074,000,000","2,916,068,000","2,613,000,000","2,610,590,000","2,508,000,000","2,307,000,000","2,166,000,000","-1,123,768,373.132","4,672,493,542.712","1,749,066,344.356","1,809,427,688.914","-854,881,832.32","2,033,643,173.665","1,802,484,006.724","2,766,938,659.486","3,108,763,261.703","2,400,482,272.854","3,010,853,710.333","2,732,506,137.267","2,492,939,706.819","2,838,836,451.081","2,524,562,759.349","2,967,537,827.927","2,454,319,871.838","3,956,002,255.517","3,056,031,493.478","3,304,677,165.459","3,323,010,995.09","2,633,643,484.939","3,429,159,451.506","3,198,405,053.368","3,772,708,477.863","3,995,735,140.021","3,246,745,657.752","2,702,695,236.816","4,078,317,103.537","2,852,915,517.147","2,941,165,152.941","2,721,408,300.374","2,113,393,898.953","2,611,793,880.317","3,390,697,372.719","2,807,381,674.18","3,514,148,943.923","2,648,512,518.696","2,079,900,159.695","1,988,731,001.276","1,878,702,413.342","1,876,231,254.947","1,760,013,272.84","1,757,288,275.298","1,734,876,546.795","1,696,601,775.141","1,403,174,327.018","1,355,688,898.12","1,477,714,380.172","1,186,973,499.566","1,147,208,246.285","1,134,282,361.535","1,150,922,366.094","1,069,920,028.907","932,291,723.691","817,640,312.125","668,890,220.129","771,478,759.587","908,578,701.969","958,860,788.891","1,282,939,978.022","936,105,748.973","1,124,697,644.848","1,161,114,381.269","1,157,246,122.829","1,092,503,373.575","1,071,066,862.682","1,200,746,832.739","1,168,540,583.278","918,509,796.099","1,741,325,444.559","459,317,755.255","796,728,340.294","793,802,634.212","735,170,275.382","843,951,153.292",,,,
CostOfRevenue,"8,435,956,000","1,920,000,000","2,510,059,000","1,940,313,000","2,005,465,000","2,278,103,000","2,529,155,000","2,335,000,000","1,894,779,000","1,570,000,000","1,923,249,000","1,610,000,000","1,447,000,000","1,252,000,000","-521,363,925.488","2,667,893,635.782","939,794,184.887","940,811,329.436","-458,389,030.337","1,143,094,368.166","1,109,197,566.575","1,677,039,773.627","1,843,760,842.275","1,322,709,672.137","1,878,606,557.853","1,662,193,258.338","1,556,776,748.195","1,388,802,875.764","1,431,336,952.528","1,697,059,847.439","1,924,834,164.087","2,181,912,609.4","1,806,876,662.981","1,860,098,211.816","1,689,053,622.625","1,397,885,454.116","1,954,741,259.463","1,772,283,370.784","2,078,330,019.069","2,160,012,348.371","1,643,124,484.937","1,478,773,811.122","2,102,085,699.989","1,355,643,378.644","1,407,513,301.408","1,391,141,112.635","1,287,807,437.439","1,295,642,565.118","1,823,990,100.449","1,889,992,626.285","2,389,843,505.181","1,959,170,672.869","1,437,063,486.362","1,225,043,015.409","1,251,558,068.998","1,273,928,910.689","1,174,095,594.456","1,149,458,205.582","1,121,300,031.8","1,135,731,148.619","1,029,182,162.707","940,712,616.125","1,021,090,866.086","854,957,444.305","807,060,760.37","794,741,460.04","706,162,206.107","758,649,213.064","646,796,031.303","570,505,251.081","554,283,238.651","572,951,324.709","629,386,594.732","632,154,708.072","774,302,467.505","661,292,418.251","779,989,176.955","765,812,939.427","187,591,913.961","1,064,829,954.459","524,583,863.042","571,436,138.629","98,303,223.294","641,521,782.607","1,182,514,217.362","408,375,054.58",,,,,,,,
GrossProfit,"4,233,626,000","1,065,000,000","884,317,000","1,225,310,000","1,119,118,000","1,090,691,000","969,979,000","739,000,000","1,021,289,000","1,043,000,000","687,341,000","898,000,000","860,000,000","914,000,000","-602,404,447.645","2,004,599,906.93","809,272,159.469","868,616,359.479","-396,492,801.984","890,548,805.499","693,286,440.149","1,089,898,885.858","1,265,002,419.428","1,077,772,600.717","1,132,247,152.48","1,070,312,878.93","936,162,958.625","1,450,033,575.317","1,093,225,806.82","1,270,477,980.488","529,485,707.752","1,774,089,646.117","1,249,154,830.496","1,444,578,953.644","1,633,959,282.465","1,235,756,120.823","1,474,416,162.043","1,426,123,712.584","1,694,378,458.794","1,835,720,889.93","1,482,746,019.536","1,344,798,480.692","1,976,231,403.548","1,497,270,318.503","1,533,651,851.534","1,330,267,187.739","825,586,461.514","1,316,153,138.199","1,566,709,249.27","917,389,047.895","1,104,229,848.185","689,341,845.827","642,836,673.333","763,687,985.866","629,066,345.895","602,302,344.257","585,917,678.384","607,830,069.717","645,343,012.701","560,870,626.522","373,992,164.312","414,976,281.995","473,885,535.103","332,016,055.261","340,147,485.915","339,540,901.495","292,561,202.329","311,270,815.843","285,495,692.388","247,135,061.044","238,772,864.5","198,527,434.878","279,192,107.237","326,706,080.819","507,199,863.78","274,813,330.723","344,708,467.893","395,301,441.842","969,654,208.868","27,673,419.117","546,482,999.64","629,310,694.11","1,070,237,359.984","276,988,013.493","558,811,227.196","50,942,700.675",,,,,,,,
OperatingExpense,"1,233,765,000","440,000,000","141,455,000","512,228,000","200,201,000","419,690,000","278,711,000","247,000,000","362,721,000","390,000,000","42,194,000","318,000,000","293,000,000","407,000,000","-363,491,251.312","867,312,655.736","256,831,398.505","347,116,359.792","-392,398,292.97","256,780,061.923","252,239,819.924","442,500,178.318","206,034,788.188","401,743,060.436","413,564,476.88","519,606,359.48","71,400,317.636","565,780,104.323","95,713,638.959","566,575,504.683","-237,604,215.023","776,281,924.088","626,001,920.398","690,887,246.96","743,046,014.256","466,429,365.279","620,121,036.637","758,834,296.054","854,580,572.602","738,246,881.11","597,084,412.234","605,743,444.148","824,142,358.911","532,446,459.468","556,248,750.556","533,277,534.093","151,647,613.032","519,724,541.053","605,169,590.126","138,729,204.627","206,452,150.934","135,605,315.41","140,667,942.681","107,903,230.252","116,249,048.463","115,246,702.953","100,910,813.056","103,483,823.343","169,325,520.768","96,184,275.627","91,073,327.69","79,429,983.625","104,939,422.068","67,260,942.244","78,222,696.826","73,255,940.452","79,592,345.536","70,827,662.484","66,531,879.645","58,306,261.285","251,767,430.621","20,446,030.492","82,554,665.313","73,678,824.205","123,045,644.229","90,792,644.875","92,056,999.138","105,521,212.446","943,142,457.844","491,373,491.13","302,606,251.167","317,809,410.2","859,854,120.149","126,485,208.35","150,542,173.115","49,291,849.469",,,,,,,,
	SellingGeneralAndAdministration,"1,370,152,000","145,000,000","1,030,518,000","-96,844,000","219,137,000","286,366,000","706,241,000","106,000,000","219,659,000","161,000,000","563,914,000","153,000,000","144,000,000","218,000,000","322,274,854.938","82,438,155.006","163,339,536.212","132,720,259.92","432,275,761.503","158,213,861.049","184,875,403.736","216,626,369.177","794,492,710.75","155,150,920.213","200,301,278.668","189,847,839.81","802,512,719.869","155,137,068.391","204,222,395.143","239,675,670.595","767,312,386.314","237,713,015.467","193,257,087.072","206,368,709.092","910,307,339.406","155,530,531.336","174,691,019.056","184,240,769.042","232,992,632.139","212,331,485.6","175,394,164.812","162,358,763.836","564,814,063.096","148,171,659.852","163,952,550.164","139,143,094.763","151,647,613.032","121,486,543.48","182,437,561.545","138,730,208.072","197,554,186.811","135,605,315.41","138,399,266.234","107,903,230.252","114,204,926.405","113,157,584.284","98,310,452.111","103,484,821.653","169,325,520.768","96,184,275.627","91,073,327.69","79,429,983.625","104,939,422.068","67,260,942.244","78,221,697.277","73,256,974.235","79,592,345.536","70,827,662.484","66,531,879.645","58,306,261.285","99,957,426.153","52,001,395.25","82,554,665.313","73,678,824.205","123,045,644.229","90,793,643.398","92,054,994.064","105,522,215.194","145,749,377.298","155,115,190.875","127,413,158.386","121,556,592.307","160,942,281.913","111,882,413.481","147,818,400.313","41,458,831.292",,,,,,,,
		GeneralAndAdministrativeExpense,"1,359,790,000","145,000,000","1,018,707,000","-93,370,000","219,137,000","284,917,000","693,504,000","106,000,000","219,659,000","161,000,000","558,777,000","153,000,000","144,000,000","218,000,000","317,000,340.949","84,598,329.282","163,339,536.212","132,720,259.92","424,843,939.162","158,213,861.049","184,875,403.736","216,626,369.177","780,524,117.741","155,150,920.213","200,301,278.668","189,847,839.81","786,871,465.785","155,137,068.391","204,222,395.143","239,675,670.595","751,009,979.326","237,713,015.467","193,257,087.072","206,368,709.092","890,441,315.746","155,530,531.336","174,691,019.056","184,240,769.042","232,992,632.139","212,331,485.6","175,394,164.812","162,358,763.836","532,611,813.739","148,171,659.852","163,952,550.164","139,143,094.763",,"121,486,543.48","182,437,561.545",,,,,,,,,,,,,,,,,,,,,,,,,,,,,,,,,,,,,,,,,,,,,
			SalariesAndWages,"741,940,000","145,000,000","328,753,000","49,050,000","219,137,000","212,813,000","399,493,000","106,000,000","219,659,000","161,000,000","322,984,000","153,000,000","144,000,000","218,000,000","102,666,821.441","212,287,691.359","163,339,536.212","132,720,259.92","119,173,003.777","158,213,861.049","184,875,403.736","216,626,369.177","306,116,185.175","155,150,920.213","200,301,278.668","189,847,839.81","285,760,851.186","155,137,068.391","204,222,395.143","239,675,670.595","212,005,271.251","237,713,015.467","193,257,087.072","206,368,709.092","214,515,504.186","155,530,531.336","174,691,019.056","184,240,769.042","232,992,632.139","212,331,485.6","175,394,164.812","162,358,763.836","181,078,348.905","159,508,439.84","163,952,550.164","152,370,889.741",,"132,916,753.525","182,437,561.545",,,,,,,,,,,,,,,,,,,,,,,,,,,,,,,,,,,,,,,,,,,,,
			RentAndLandingFees,,,,,,"2,075,000",,,,,,,,,,,,,,,,,,,,,,,,,,,,,,,,,,,,,,,,,,,,,,,,,,,,,,,,,,,,,,,,,,,,,,,,,,,,,,,,,,,,,,,,
			InsuranceAndClaims,,,,,,"9,956,000",,,,,,,,,,,,,,,,,,,,,,,,,,,,,,,,,,,,,,,,,,,,,,,,,,,,,,,,,,,,,,,,,,,,,,,,,,,,,,,,,,,,,,,,
			OtherGandA,,,,,,"60,073,000",,,,,,,,,,,,,,,,,,,,,,,,,,,,,,,,,,,,,"211,069,421.612","11,336,779.989",,"13,227,794.978",,"11,430,210.045",,,,,,,,,,,,,,,,,,,,,,,,,,,,,,,,,,,,,,,,,,,,,,
		SellingAndMarketingExpense,,,,,,"1,449,000",,,,,,,,,,,,,,,,,,,,,,,,,,,,,,,,,,,,,,,,,,,,,,,,,,,,,,,,,,,,,,,,,,,,,,,,,,,,,,,,,,,,,,,,
	DepreciationAmortizationDepletionIncomeStatement,"933,186,000","223,000,000","279,330,000","188,624,000","242,232,000","238,144,000","292,440,000","230,000,000","173,604,000","167,000,000","167,114,000","170,000,000","167,000,000","144,000,000","-21,839,638.752","264,258,093.366","121,349,802.279","113,321,949.932","-43,121,344.89","134,092,480.908","120,745,619.473","186,600,809.291","211,016,337.852","171,645,640.2","205,404,298.611","202,580,559.797","177,460,237.642","253,102,007.44","180,671,608.96","216,165,337.23","205,168,259.083","277,561,696.984","193,871,206.959","226,822,469.002","219,893,843.901","171,868,541.602","212,006,228.855","214,461,378.885","207,161,360.143","282,958,256.525","217,407,037.318","230,919,449.826","292,619,032.864","200,731,439.799","210,803,800.211","183,587,319.688",,"183,546,932.725","225,935,515.914","32,211,570.076","879,305,286.879","31,914,835.019","28,017,353.879","23,848,662.998","26,331,325.369","27,140,481.145","25,113,752.086","21,287,963.891","52,484,782.167","23,097,203.79","16,180,180.615","15,144,741.822","53,809,194.487","15,112,918.67","13,430,938.399","14,498,808.456","77,494,040.935","13,433,809.676","35,770,487.726","11,321,085.499","672,680,889.808","7,072,494.724","10,628,221.102","12,201,766.393","85,062,405.255","7,474,938.572","11,907,137.336","13,657,432.278","797,393,080.546","336,258,300.255","175,193,092.781","196,252,817.893","698,911,838.236","14,602,794.869","2,723,772.802","7,833,018.177",,,,,,,,
		DepreciationAndAmortizationInIncomeStatement,"933,186,000","223,000,000","279,330,000","188,624,000","242,232,000","238,144,000","292,440,000","230,000,000","173,604,000","167,000,000","167,114,000","170,000,000","167,000,000","144,000,000","-21,839,638.752","264,258,093.366","121,349,802.279","113,321,949.932","-43,121,344.89","134,092,480.908","120,745,619.473","186,600,809.291","211,016,337.852","171,645,640.2","205,404,298.611","202,580,559.797","177,460,237.642","253,102,007.44","180,671,608.96","216,165,337.23","205,168,259.083","277,561,696.984","193,871,206.959","226,822,469.002","219,893,843.901","171,868,541.602","212,006,228.855","214,461,378.885","207,161,360.143","282,958,256.525","217,407,037.318","230,919,449.826","292,619,032.864","200,731,439.799","210,803,800.211","183,587,319.688",,"183,546,932.725","225,935,515.914","32,211,570.076","879,305,286.879","31,914,835.019","28,017,353.879","23,848,662.998","26,331,325.369","27,140,481.145","25,113,752.086","21,287,963.891","52,484,782.167","23,097,203.79","16,180,180.615","15,144,741.822","53,809,194.487","15,112,918.67","13,430,938.399","14,498,808.456","77,494,040.935","13,433,809.676","35,770,487.726","11,321,085.499","672,680,889.808","7,072,494.724","10,628,221.102","12,201,766.393","85,062,405.255","7,474,938.572","11,907,137.336","13,657,432.278","797,393,080.546","336,258,300.255","175,193,092.781","196,252,817.893","698,911,838.236","14,602,794.869","2,723,772.802","7,833,018.177",,,,,,,,
			DepreciationIncomeStatement,,,,,,"117,621,000",,,,,,,,,,,,,,,,,,,,,,,,,,,,,,,,,,,,,,,,,,,,,,,,,,,,,,,,,,,,,,,,,,,,,,,,,"679,394,503.642","336,258,300.255","175,193,092.781","196,252,817.893","698,911,838.236","14,602,794.869","2,723,772.802","7,833,018.177",,,,,,,,
			Amortization,,,,,,"120,523,000",,,,,,,,,,,,,,,,,,,,,,,,,,,,,,,,,,,,,,,,,,,,"32,211,570.076","34,183,637.821","31,914,835.019","28,017,353.879","23,848,662.998","26,331,325.369","27,140,481.145","25,113,752.086","21,287,963.891","52,484,782.167","23,097,203.79","16,180,180.615","15,144,741.822","53,809,194.487","15,112,918.67","13,430,938.399","14,498,808.456","77,494,040.935","13,433,809.676","35,770,487.726","11,321,085.499","672,680,889.808","7,072,494.724","10,628,221.102","12,201,766.393","85,062,405.255","7,474,938.572","11,907,137.336","13,657,432.278",,,,,,,,,,,,,,,,
				AmortizationOfIntangiblesIncomeStatement,,,,,,"120,523,000",,,,,,,,,,,,,,,,,,,,,,,,,,,,,,,,,,,,,,,,,,,,"32,211,570.076","34,183,637.821","31,914,835.019","28,017,353.879","23,848,662.998","26,331,325.369","27,140,481.145","25,113,752.086","21,287,963.891","52,484,782.167","23,097,203.79","16,180,180.615","15,144,741.822","53,809,194.487","15,112,918.67","13,430,938.399","14,498,808.456","77,494,040.935","13,433,809.676","35,770,487.726","11,321,085.499","672,680,889.808","7,072,494.724","10,628,221.102","12,201,766.393","85,062,405.255","7,474,938.572","11,907,137.336","13,657,432.278",,,,,,,,,,,,,,,,
	OtherTaxes,,,,,,"9,203,000",,,,,,,,,,,,,,,,,,,,,,,,,,,,,,,,,,,,,,,,,,,,,,,,,,,,,,,,,,,,,,,,,,,,,,,,,,,,,,,,,,,,,,,,
	OtherOperatingExpenses,"-1,086,043,000","72,000,000","-1,194,066,000","438,111,000","-261,168,000","-114,023,000","-740,518,000","-89,000,000","-30,542,000","62,000,000","-715,247,000","-5,000,000","-18,000,000","45,000,000","-701,166,328.958","552,246,013.245","-27,857,939.986","101,074,149.939","-827,028,291.723","-35,526,280.033","-53,381,203.285","39,272,999.851","-832,026,267.053","74,946,500.023","7,858,899.601","127,177,959.873","-963,879,177.42","157,541,028.492","-289,180,365.145","110,734,496.858","-474,930,145.385","-524,605,936.278","238,873,626.367","257,696,068.866",,"9,275,089.656","-61,892,229.67","-17,504,689.909","1,137,677,558.29","-35,341,001.619","-14,764,660.735","-13,439,736.039",,,"-12,511,550.013",,,,"-19,309,359.164","-32,212,573.521","-870,407,322.756","-31,914,835.019","-25,748,677.432","-23,848,662.998","-24,287,203.311","-25,051,362.477","-22,513,391.141","-21,288,962.201","-52,484,782.167","-23,097,203.79","-16,180,180.615","-15,144,741.822","-53,809,194.487","-15,112,918.67","-13,429,938.85","-14,499,842.24","-77,494,040.935","-13,433,809.676","-35,770,487.726","-11,321,085.499","-520,870,885.34","-38,627,859.482","-10,628,221.102","-12,201,766.393","-85,062,405.255","-7,475,937.094","-11,905,132.261","-13,658,435.027",,,,,,,,,,,,,,,,
OperatingIncome,"2,999,861,000","625,000,000","742,862,000","713,082,000","918,917,000","671,001,000","691,268,000","492,000,000","658,568,000","653,000,000","645,147,000","580,000,000","567,000,000","507,000,000","-238,913,196.333","1,137,287,251.194","552,440,760.964","521,499,999.687","-4,094,509.014","633,768,743.575","441,046,620.226","647,398,707.54","1,058,967,631.24","676,029,540.282","718,682,675.6","550,706,519.449","864,762,640.989","884,253,470.994","997,512,167.861","703,902,475.805","767,089,922.775","997,807,722.029","623,152,910.099","753,691,706.684","890,913,268.209","769,326,755.544","854,297,155.405","667,287,386.53","839,797,886.192","1,097,475,910.539","885,659,705.583","739,055,036.544","1,152,089,044.638","964,825,679.035","977,403,100.977","796,989,653.645","673,938,848.482","796,426,774.146","961,537,682.144","778,659,843.267","897,777,697.252","553,736,530.417","502,168,730.652","655,784,755.614","512,817,297.431","487,055,641.305","485,006,865.328","504,346,246.374","476,017,491.933","464,686,350.895","282,918,836.621","335,546,298.37","368,946,113.035","264,755,113.017","261,924,789.088","266,284,961.043","212,968,856.793","240,443,153.358","218,963,812.743","188,828,799.759","-12,994,566.12","178,081,404.386","196,637,441.924","253,027,256.614","384,154,219.552","184,020,685.847","252,651,468.754","289,780,229.396","26,511,751.024","-463,700,072.014","243,876,748.473","311,501,283.91","210,383,239.836","150,502,805.143","408,269,054.082","1,650,851.206","-1,393,667,254.335","793,802,634.212","735,170,275.382","843,951,153.292",,,,
NetNonOperatingInterestIncomeExpense,"-521,327,000","-105,000,000","-79,970,000","-146,130,000","-190,227,000","-222,643,000","-215,678,000","-164,000,000","-204,103,000","-130,000,000","-88,692,000","-154,000,000","-133,000,000","-200,000,000","-73,700,787.375","-157,662,386.229","-96,790,116.011","-171,877,459.897","38,310,974.951","-49,765,040.312","5,611,632.009","-107,932,379.59","59,929,788.185","-154,709,360.046","-230,136,918.963","-47,940,619.952","-10,031,929.246","-111,457,138.883","-655,487.889","-121,513,510.938","71,588,059.881","-177,001,383.413","-131,131,897.969","-148,480,709.347","-329,388,112.012","-98,364,110.974","-121,092,129.345","-136,527,649.29","-92,932,482.975","-173,730,014.329","-151,852,374.56","-139,768,650.847","-477,142,471.719","-112,212,099.888","-150,900,800.151","-268,467,814.544","-69,728,917.849","-131,502,105.519","-187,065,718.584",,,,,,,,,,,,,,,,,,,,,,,,,,,,,,,,,,,,,,,,,,,,,
	InterestIncomeNonOperating,"37,020,000","80,000,000","-282,878,000","319,075,000","125,360,000","119,102,000","132,081,000","63,000,000","89,815,000","73,000,000","119,843,000","60,000,000","51,000,000","63,000,000","28,671,200.05","108,577,971.703","71,621,445.237","69,788,619.958","127,988,041.576","65,348,960.507","147,977,946.717","68,568,749.739","228,966,394.702","47,056,240.131","28,137,459.5","134,548,959.865","109,577,920.675","110,390,218.863","163,177,440.156","111,094,857.21","282,912,442.392","84,448,176.938","84,417,268.731","88,228,949.612","-130,636,169.793","63,250,160.74","109,735,389.41","83,124,439.568","148,959,958.454","72,958,048.146","89,885,378.915","46,081,835.447","-150,092,200.016","115,249,679.885","54,626,800.055","59,983,839.898","83,476,434.54","114,141,676.451","80,946,288.686",,,,,,,,,,,,,,,,,,,,,,,,,,,,,,,,,,,,,,,,,,,,,
	InterestExpenseNonOperating,"499,069,000","185,000,000","-506,608,000","715,167,000","315,587,000","97,323,000","-260,763,000","227,000,000","293,918,000","203,000,000","-349,841,000","214,000,000","184,000,000","263,000,000","102,371,987.425","266,240,357.933","168,411,561.248","241,666,079.855","89,677,066.625","115,114,000.82","142,366,314.708","176,501,129.329","169,036,606.517","201,765,600.177","258,274,378.464","182,489,579.818","119,609,849.921","221,847,357.747","163,832,928.046","232,608,368.148","211,324,382.511","261,449,560.351","215,549,166.7","236,709,658.958","114,102,796.38","161,614,271.714","230,827,518.755","219,652,088.858","241,892,441.43","246,688,062.475","241,737,753.475","185,850,486.294","327,050,271.703","227,461,779.773","205,527,600.206","328,451,654.442","153,205,352.389","245,643,781.97","268,012,007.27",,,,,,,,,,,,,,,,,,,,,,,,,,,,,,,,,,,,,,,,,,,,,
	TotalOtherFinanceCost,,,,,,"244,422,000",,,,,,,,,,,,,,,,,,,,,,,,,,,,,,,,,,,,,,,,,,,,,,,,,,,,,,,,,,,,,,,,,,,,,,,,,,,,,,,,,,,,,,,,
OtherIncomeExpense,"-110,380,000","-86,000,000","-90,783,000","65,788,000","615,000","23,597,000","206,400,000","61,000,000","75,801,000","-21,000,000","40,193,000","-24,000,000","-67,000,000","-27,000,000","-228,565,946.758","177,634,449.418","-28,672,467.201","-5,606,869.997","168,977,585.677","-31,339,840.137","-29,497,511.207","-20,830,589.921","-84,300,453.983","33,276,269.827","-6,365,729.813","-56,008,679.944","-26,397,243.915","-107,622,488.945","-5,433,163.232","6,060,413.226","-74,752,756.286","-10,445,452.415","2,572,990.032","-10,966,559.952","87,866,296.546","14,964,359.851","-58,636,119.692","27,037,569.859","84,086,381.319","-45,477,541.296","-1,705,042.527","-17,015,480.826","226,820,670.55","10,363,079.99","23,502,400.024","1,984,254.997","166,400,035.783","-81,601,126.322","93,176,010.789","-240,132,282.851","-474,803,339.512","-10,530,666.179","-165,512,350.488","-78,555,950.584","-210,140,410.463","-93,631,047.642","121,542,650.251","-81,035,823.153","-139,941,064.14","-55,743,953.825","-32,027,581.563","-52,250,305.274","-101,296,440.928","-48,095,888.749","10,594,218.657","-9,343,331.966","-116,679,393.081","16,095,383.218","-5,399,132.121","-51,229,151.973","-603,031,830.82","55,791,449.869","65,637,262.962","-12,780,573.241","-266,735,732.718","68,987,911.56","18,212,095.382","24,853,117.402","427,948,567.208","1,165,354.537","140,353,557.285","39,651,079.533","-184,676,279.986","85,438,352.28","10,936,072.744","75,336,384.171",,,,,,,,
	GainOnSaleOfSecurity,"181,797,000","-8,000,000","30,485,000","84,810,000","74,502,000","72,688,000","171,015,000","93,000,000","115,052,000","2,000,000","-714,000","3,000,000","-12,000,000","3,000,000","18,789,942.087","38,600,987.425","-14,152,918.847","15,117,539.991","204,404,989.544","-18,800,260.081","-16,830,849.387","-12,349,529.953","31,801,884.174","11,662,799.833","-28,622,479.704","-63,734,579.936","-26,647,393.404","-47,563,819.534","-1,029,619.168","-356,120.819","-26,464,687.349","-11,917,304.88","-10,638,319.862","-6,978,719.969","713,360.548","16,334,239.988",,,,,,,,,,,,,,,,,,,,,,,,,,,,,,,,,,,,,,,,,,,,,,,,,,,,,,,,,,
	EarningsFromEquityInterest,"2,064,000","1,000,000",,,"1,088,000","-481,000","1,452,000","0","944,000","0","-690,000","0","4,000,000","0","-10,004,097.494","10,343,865.352","1,360,768.201","1,023,629.999","-11,410,410.951","5,503,460.031","3,821,143.566","2,380,229.991","-105,704,741.746","1,944,300.023","5,615,499.941","12,687,219.987","19,070,236.336","8,914,999.909","6,082,298.122","13,981,981.686",,,"4,817,129.925","5,483,279.976",,,,"4,829,369.975","-652,481.238","1,892,978.059","-466,179.88","1,348,577.567","291,306.228","902,719.999","897,250.001","1,958,529.997","-799,619.036","1,813,885.007","116,643.001","8,672,770.324","-118,760,832.836","-1,814,081.161","-1,797,535.968","-2,589,877.439","1,642,245.504","1,621,525.345","1,183,510.285","4,971,584.139","3,738,632.116","4,136,872.218","-8,408,101.646","13,649,087.788","10,336,188.478","20,806,041.042","10,843,106.33","14,935,064.939","-2,653,381.082","3,276,590.141","13,919,544.692","13,829,886.886","10,981,476.019","7,188,864.85","-1,354,897.63","-5,701,396.886","1,041,166.16","-7,363,104.065","-6,768,130.349","-2,669,316.059",,,,,,,,,,,,,,,,
	SpecialIncomeCharges,"-295,241,000","-80,000,000","-120,851,000","-19,254,000","-75,136,000","-48,610,000","33,933,000","-32,000,000","-40,691,000","-23,000,000","41,597,000","-27,000,000","-59,000,000","-30,000,000","-237,351,791.351","128,689,596.641","-20,243,697.086","-21,748,039.987","-24,016,992.916","-18,043,040.087","-17,460,340.588","-10,861,289.959","-10,397,596.411","19,669,169.97","16,641,249.949","-4,961,319.995","-18,820,086.847","-68,973,669.32","-10,485,842.186","-7,565,447.64","-68,373,708.952","11,772,262.366","8,394,179.969","-9,471,119.958","70,850,144.786","-1,369,880.137","-55,191,579.71","22,208,199.885","60,552,391.922","-47,370,519.355","-1,238,862.647","-18,364,058.394","226,529,364.322","9,460,359.991","22,605,150.023","25,725","167,199,654.82","-83,415,011.329","93,059,367.788","-248,805,053.175","-356,042,506.677","-8,716,585.018","-163,714,814.521","-75,966,073.145","-211,782,655.967","-95,252,572.987","120,359,139.966","-86,007,407.292","-143,679,696.256","-59,880,826.043","-23,619,479.917","-65,899,393.061","-111,632,629.406","-68,901,929.792","-248,887.673","-24,278,396.905","-114,026,011.998","12,818,793.077","-19,318,676.813","-65,059,038.859","-614,013,306.839","48,602,585.019","66,992,160.592","-7,079,176.354","-267,776,898.878","76,351,015.625","24,980,225.731","27,522,433.461","427,948,567.208","1,165,354.537","140,353,557.285","39,651,079.533","-184,676,279.986","85,438,352.28","10,936,072.744","75,336,384.171",,,,,,,,
		ImpairmentOfCapitalAssets,,,,,,,,,,,,,,,,,,,,,,,,,,,,,,,,,"18,399,299.744","15,356,399.932",,,,"44,662,029.768",,"32,944,596.331",,,,,,,,,,,,,,,,,,,,,,,,,,,,,,,,,,,,,,,,,,,,,,,,,,,,,,
		WriteOff,"308,389,000","80,000,000","133,999,000","19,254,000","75,136,000","48,610,000",,"32,000,000","40,691,000","23,000,000","-37,252,000","27,000,000","59,000,000","31,000,000","65,250,349.264","55,320,654.085","20,243,697.086","17,806,989.989","4,184,130.798","16,065,820.098","17,460,340.588","17,493,179.934","-11,574,349.127","11,195,000.03","24,339,599.865","13,739,179.986","-49,373,488.655","82,380,469.187","16,862,357.291","13,884,472.414",,,,,,,,,,,,,,,,,,,,,,,,,,,,,,,,,,,,,,,,,,,,,,,,,,,,,,,,,,,,,,,,
		OtherSpecialCharges,,,,,,,,,,,,,,,,,,,,,,,,,,,,,,,,,"-26,793,479.712","-5,885,279.974",,,,"22,453,829.883",,"14,425,923.023",,,"-357,187,439.501","-9,112,739.991",,,,"93,671,209.37",,,,,,,,,,,,,,,,,,,,,,,,,,,,,,,,,,,,,,,,,,,,,,
		GainOnSaleOfPPE,,,,,,,"-319,000","0",,"0","4,345,000","0","0","1,000,000","-172,101,442.087","184,010,250.726",,"-3,941,049.998","-19,787,677.258","-1,977,219.988",,"6,631,889.975","25,328,970.455","30,864,170.001","40,980,849.815","8,777,859.991","10,320,669.719","13,406,799.866","6,376,515.105","6,319,024.773",,,,,,,,,,,,,,"347,620",,"25,725",,"10,256,198.041",,,,,,,,,,,,,,,,,,,,,,,,,,,,,,,,,,,,,,,,,,,,,,
	OtherNonOperatingIncomeExpenses,,"1,000,000","13,000,000","839,000","161,000",,,,"496,000",,,,,,,,"4,363,380.531",,,,"972,535.202",,,,,,,,,,,,,,,,,,,,,,,,,,,,,,,,,,,,,,,,,,,,,,,,,,,,,,,,,,,,,,,,,,,,,,,,,
PretaxIncome,"2,366,154,000","432,000,000","572,109,000","632,740,000","729,305,000","471,955,000","681,990,000","389,000,000","530,266,000","503,000,000","596,648,000","402,000,000","367,000,000","280,000,000","-541,178,420.466","1,157,257,804.382","426,978,177.752","344,014,179.794","203,195,471.614","552,662,443.126","417,160,741.027","518,635,738.029","1,034,596,965.443","554,596,450.062","482,180,026.824","446,757,219.553","828,333,467.828","665,175,773.165","991,421,586.74","588,449,378.093","763,925,226.37","810,360,886.201","494,594,002.162","594,244,437.385","649,393,362.743","685,925,094.421","674,566,876.369","557,799,337.099","830,953,843.42","878,266,296.03","732,102,288.496","582,270,904.871","901,767,243.469","862,974,839.137","850,006,550.85","652,742,718.89","770,609,966.417","583,325,365.304","867,649,951.349","374,581,796.927","311,822,340.609","349,188,134.929","174,653,075.96","401,177,113.155","229,722,826.886","221,636,225.076","485,847,286.166","291,827,995.71","277,379,644.657","250,732,990.014","99,063,977.92","148,527,805.954","118,454,370.313","98,905,906.397","148,387,030.523","122,204,538.071","-27,129,944.247","17,488,091.456","119,577,808.266","17,655,093.563","-497,739,621.194","61,802,568.789","22,049,770.421","47,000,909.262","182,945,414.186","73,193,687.845","58,038,898.263","63,164,120.165","177,719,814.152","19,381,896.577","143,339,803.184","56,673,007.616","-84,250,060.887","-13,696,621.434","64,452,960.672","46,962,002.961",,,,,,,,
TaxProvision,"202,385,000","122,000,000","-376,654,000","239,204,000","217,835,000","155,961,000","-126,068,000","190,000,000","203,222,000","170,000,000","127,134,000","119,000,000","136,000,000","137,000,000","98,922,111.188","195,083,473.252","155,642,558.903","86,682,239.948","121,120,945.149","287,946,901.325","155,441,932.089","151,212,179.425","311,706,937.223","302,376,549.736","79,677,769.028","228,002,319.772","302,067,556.969","161,230,838.321","320,271,697.305","174,348,697.947","277,782,345.602","224,326,262.315","208,414,057.325","129,735,449.429","282,822,711.853","234,850,541.295","180,080,819.027","189,679,139.014","140,095,060.647","161,847,726.305","235,614,507.13","185,597,268.315","213,393,132.238","224,355,039.776","142,960,600.143","123,114,704.791","208,224,453.363","151,697,299.599","236,684,465.005","128,232,172.306","330,519,106.407","47,351,016.536","121,812,320.537","181,011,542.07","27,509,595.654","91,617,185.41","150,287,020.355","-65,841,543.917","92,401,137.337","93,440,003.975","75,392,316.576","83,775,545.681","43,911,383.243","30,838,642.099","90,778,030.4","88,342,971.512","-53,161,136.975","36,758,261.726","27,591,604.414","51,873,999.782","-200,365,412.591","73,561,970.655","12,137,624.602","22,718,915.952","70,999,762.863","30,249,237.123","47,943,346.106","52,003,531.232","60,228,356.327","37,489,405.446","97,550,699.389","45,158,173.913","3,724,709.628","46,409,882.514","92,355,389.212","18,449,215.028",,,,,,,,
NetIncomeCommonStockholders,"1,617,732,000","208,000,000","792,085,000","277,593,000","340,054,000","204,353,000","688,381,000","110,000,000","181,487,000","221,000,000","325,043,000","178,000,000","132,000,000","74,000,000","-349,588,554.992","516,978,669.408","139,117,673.182","262,891,129.842","357,134,048.818","126,411,021.008","210,495,650.377","243,387,659.075","491,851,894.201","105,534,990.266","206,408,108.79","139,796,019.86","324,732,912.828","304,296,896.893","443,749,621.529","178,397,452.498","212,363,539.096","243,572,994.294","111,529,917.877","202,328,609.11","113,705,329.124","191,704,741.543","223,057,388.798","194,577,528.988","311,785,380.577","327,559,269.738","200,526,087.736","176,343,302.193","328,023,071.19","316,443,399.684","386,383,600.386","268,862,264.543","275,559,304.445","221,731,490.876","289,069,034.448","159,897,868.605","-120,188,704.132","118,452,003.626","13,889,141.298","100,364,497.853","82,053,225.743","49,055,155.362","134,674,967.385","267,878,537.177","61,817,827.471","61,936,284.512","-4,745,556.198","13,113,360.843","23,006,192.126","35,590,566.731","6,040,273.926","16,131,152.025","-19,632,744.143","-19,270,170.271","91,986,203.852","-34,218,906.219","-333,294,644.835","-11,759,401.866","9,912,145.819","24,281,993.31","-2,191,714.826","42,944,450.722","10,095,552.158","11,160,588.932","117,491,457.824","-18,107,508.869","45,789,103.795","11,514,833.703","-87,974,770.514","-60,106,503.948","-27,902,428.541","28,512,787.933","38,307,266.443","133,987,329.879","10,778,776.128","2,808,178.194",,,,
	NetIncome,"1,617,732,000","208,000,000","792,085,000","277,593,000","340,054,000","204,353,000","688,381,000","110,000,000","181,487,000","221,000,000","325,043,000","178,000,000","132,000,000","74,000,000","-349,588,554.992","516,978,669.408","139,117,673.182","262,891,129.842","357,134,048.818","126,411,021.008","210,495,650.377","243,387,659.075","491,851,894.201","105,534,990.266","206,408,108.79","139,796,019.86","324,732,912.828","304,296,896.893","443,749,621.529","178,397,452.498","212,363,539.096","243,572,994.294","111,529,917.877","202,328,609.11","113,705,329.124","191,704,741.543","223,057,388.798","194,577,528.988","311,785,380.577","327,559,269.738","200,526,087.736","176,343,302.193","328,023,071.19","316,443,399.684","386,383,600.386","268,862,264.543","275,559,304.445","221,731,490.876","289,069,034.448","159,897,868.605","-120,188,704.132","118,452,003.626","13,889,141.298","100,364,497.853","82,053,225.743","49,055,155.362","134,674,967.385","267,878,537.177","61,817,827.471","61,936,284.512","-4,745,556.198","13,113,360.843","23,006,192.126","35,590,566.731","6,040,273.926","16,131,152.025","-19,632,744.143","-19,270,170.271","91,986,203.852","-34,218,906.219","-333,294,644.835","-11,759,401.866","9,912,145.819","24,281,993.31","-2,191,714.826","42,944,450.722","10,095,552.158","11,160,588.932","117,491,457.824","-18,107,508.869","45,789,103.795","11,514,833.703","-87,974,770.514","-60,106,503.948","-27,902,428.541","28,512,787.933","38,307,266.443","133,987,329.879","10,778,776.128","2,808,178.194",,,,
		NetIncomeIncludingNoncontrollingInterests,"2,163,769,000","310,000,000","948,763,000","393,536,000","511,470,000","315,994,000","808,058,000","199,000,000","327,044,000","333,000,000","469,514,000","283,000,000","231,000,000","143,000,000","-467,904,317.592","788,327,447.907","273,190,125.337","427,045,919.744","629,605,046.702","264,716,961.801","358,888,750.534","367,423,558.604","722,890,028.22","252,219,900.327","402,502,257.796","218,754,899.781","526,265,910.859","503,944,934.844","671,152,009.202","414,098,560.379","486,142,880.768","586,034,623.886","286,179,944.837","464,508,987.956","366,570,650.89","451,076,623.127","494,483,987.342","368,120,198.086","690,858,782.773","716,416,668.006","496,489,683.085","396,673,636.555","688,374,111.232","638,619,799.361","707,045,950.707","268,862,264.543","554,770,842.024","431,628,065.705","630,963,509.344","71,129,159.367","822,278,867.092","-67,201,961.96","-27,331,149.274","-21,527,669.013","973,161,998.012","-33,998,851.03","-68,808,714.524","173,471,348.973","589,568,582.772","-40,969,410.189","-40,640,470.697","-45,993,851.012","326,473,875.865","-4,177,236.914","-52,871,138.396","-9,364,007.629","197,440,487.268","-70,687,027.289","68,402,866.024","-42,318,614.423","-165,578,517.91","-61,448,442.458","-84,661,293.427","-20,241,303.851","350,866,569.085","-10,694,174.74","-33,653,177.242","-61,149,598.766","-13,801,439.979","-33,522,198.498","-6,967,907.099","-91,618,024.679","-36,161,010.794","-149,111,538.865","-91,419,810.738","22,789,970.812","-293,239,508.355","133,987,329.879","10,778,776.128","2,808,178.194",,,,
			NetIncomeContinuousOperations,"2,163,769,000","310,000,000","948,763,000","393,536,000","511,470,000","315,994,000","808,058,000","199,000,000","327,044,000","333,000,000","469,514,000","283,000,000","231,000,000","143,000,000","-640,100,531.654","962,174,331.13","271,335,618.849","257,331,939.846","82,073,106.466","264,716,961.801","261,718,808.939","367,423,558.604","722,890,028.22","252,219,900.327","402,502,257.796","218,754,899.781","526,265,910.859","503,944,934.844","671,149,889.435","414,100,680.146","486,142,880.768","586,034,623.886","286,179,944.837","464,508,987.956","366,570,650.89","451,076,623.127","494,483,987.342","368,120,198.086","690,858,782.773","716,416,668.006","496,489,683.085","396,673,636.555","688,374,111.232","638,619,799.361","707,045,950.707","268,862,264.543","554,770,842.024","431,628,065.705","630,963,509.344","159,897,868.605","-120,188,704.132","118,452,003.626","13,889,141.298","100,364,497.853","82,053,225.743","49,055,155.362","134,674,967.385","267,878,537.177","61,817,827.471","61,936,284.512","-4,745,556.198","13,113,360.843","23,006,192.126","35,590,566.731","6,040,273.926","16,131,152.025","-19,632,744.143","-19,270,170.271","91,986,203.852","-34,218,906.219","-302,237,256.726","-11,759,401.866","9,912,145.819","24,281,993.31","-2,191,714.826","42,944,450.722","10,095,552.158","11,160,588.932","117,491,457.824","-18,107,508.869","45,789,103.795","11,514,833.703","-87,974,770.514","-60,106,503.948","-27,902,428.541","28,512,787.933","38,307,266.443","133,987,329.879","10,778,776.128","2,808,178.194",,,,
			NetIncomeDiscontinuousOperations,,,,,,,"0","0",,,"0",,,"0",,,"1,854,506.488","169,713,979.898",,,"97,169,941.595",,,,,,,,,,,,,,,,,,,,,,,,,,,,,,,,,,,,,,,,,,,,,,,,,,,,,,,,,,,,,,,,,,,,,,,,,
		MinorityInterests,"-546,037,000","-102,000,000","-156,678,000","-115,943,000","-171,416,000","-111,641,000","-119,677,000","-89,000,000","-145,557,000","-112,000,000","-144,471,000","-105,000,000","-99,000,000","-69,000,000","174,563,262.229","-327,596,278.128","-134,072,452.155","-164,154,789.902","-272,470,997.885","-138,305,940.793","-148,393,100.157","-124,035,899.529","-231,038,134.019","-146,684,910.061","-196,094,149.006","-78,958,879.921","-201,532,998.031","-199,648,037.951","-227,402,387.673","-235,701,107.881","-273,779,341.672","-342,461,629.592","-174,650,026.96","-262,180,378.846","-252,865,321.766","-259,371,881.584","-271,426,598.544","-173,542,669.098","-379,073,402.196","-388,857,398.268","-295,963,595.35","-220,330,334.363","-360,349,220.042","-322,176,399.678","-320,662,350.321",,"-288,951,271.51","-209,898,397.829","-341,896,451.896","88,768,709.237","-942,467,571.224","185,653,965.586","41,220,290.572","121,892,166.866","-891,108,772.269","83,054,006.392","203,483,681.909","94,407,188.204","-527,750,755.302","102,905,694.701","35,894,914.498","59,107,211.855","-303,467,683.739","39,767,803.644","58,911,412.323","25,495,159.654","-217,073,231.411","51,416,857.019","23,583,337.829","8,099,708.204","-167,716,126.925","49,689,040.592","94,573,439.246","44,523,297.16","-353,058,283.91","53,638,625.462","43,748,729.4","72,310,187.699","131,292,897.803","15,414,689.629","52,757,010.894","103,132,858.382","-51,813,759.721","89,005,034.917","63,517,382.197","5,722,817.121",,,,,,,,
DilutedNIAvailtoComStockholders,"1,617,732,000","208,000,000","792,085,000","277,593,000","340,054,000","204,353,000","688,381,000","110,000,000","181,487,000","221,000,000","325,043,000","178,000,000","132,000,000","74,000,000","-349,588,554.992","516,978,669.408","139,117,673.182","262,891,129.842","357,134,048.818","126,411,021.008","210,495,650.377","243,387,659.075","491,851,894.201","105,534,990.266","206,408,108.79","139,796,019.86","324,732,912.828","304,296,896.893","443,749,621.529","178,397,452.498","212,363,539.096","243,572,994.294","111,529,917.877","202,328,609.11","113,705,329.124","191,704,741.543","223,057,388.798","194,577,528.988","311,785,380.577","327,559,269.738","200,526,087.736","176,343,302.193","328,023,071.19","316,443,399.684","386,383,600.386","268,862,264.543","275,559,304.445","221,731,490.876","289,069,034.448","159,897,868.605","-120,188,704.132","118,452,003.626","13,889,141.298","100,364,497.853","82,053,225.743","49,055,155.362","134,674,967.385","267,878,537.177","61,817,827.471","61,936,284.512","-4,745,556.198","13,113,360.843","23,006,192.126","35,590,566.731","6,040,273.926","16,131,152.025","-19,632,744.143","-19,270,170.271","91,986,203.852","-34,218,906.219","-333,294,644.835","-11,759,401.866","9,912,145.819","24,281,993.31","-2,191,714.826","42,944,450.722","10,095,552.158","11,160,588.932","117,491,457.824","-18,107,508.869","45,789,103.795","11,514,833.703","-87,974,770.514","-60,106,503.948","-27,902,428.541","28,512,787.933","38,307,266.443","133,987,329.879","10,778,776.128","2,808,178.194",,,,
BasicEPS,,"0.137",,,"0.296","0.175",,,"0.158","0.189",,,,"0.062",,,"0.14","0.263",,,"0.211","0.244",,,,"0.143",,,,"0.177",,,,"0.298",,,,"0.282",,,,"0.257",,"0.462","0.567","0.386",,"0.323","0.426","0.231",,"0.174","0.019","0.147",,"0.072","0.197","0.393",,"0.091","-0.007","0.02",,"0.052","0.009","0.023",,"-0.115","0.531","-0.198",,"-0.058","0.054","0.143",,"0.258","0.058","0.067",,"-0.115","0.324","0.096",,"-0.421","-0.201","0.202",,"0.942","0.074","0.018","197.553","255.162","233.896","128.667"
DilutedEPS,,"0.137",,,"0.296","0.175",,,"0.158","0.189",,,,"0.062",,,"0.14","0.263",,,"0.211","0.244",,,,"0.14",,,,"0.177",,,,"0.298",,,,"0.282",,,,"0.257",,"0.462","0.567","0.386",,"0.323","0.426","0.231",,"0.174","0.019","0.147",,"0.072","0.197","0.393",,"0.091","-0.007","0.02",,"0.052","0.009","0.023",,"-0.115","0.531","-0.198",,"-0.058","0.054","0.143",,"0.258","0.058","0.067",,"-0.115","0.324","0.096",,"-0.421","-0.201","0.202",,"0.942","0.074","0.018","197.553","255.162","233.896","128.667"
BasicAverageShares,,"1,521,726,221",,,"1,149,706,767","1,167,421,321",,,"1,149,706,641","1,167,421,321",,,,"1,185,146,897",,,"997,551,168","997,551,168",,,"997,551,168","997,551,168",,,,"997,551,168",,,,"663,462,408",,,,"678,103,835",,,,"690,232,340",,,,"685,609,750",,"685,086,545","681,496,510","696,569,612",,"686,492,246","678,545,600","681,860,211",,"681,860,211","681,860,211","681,859,877",,"681,860,211","681,860,211","681,859,877",,"681,859,877","681,859,877","681,859,877",,"681,859,877","681,859,877","681,859,877",,"173,142,454","173,142,454","173,142,454",,"173,142,454","173,142,454","173,142,454",,"173,142,454","173,142,454","173,142,454",,"152,852,355","142,005,631","142,005,631",,"142,005,631","142,005,631","142,005,631",,"142,292,257","146,182,256","156,623,678","139,687,372","140,293,309","140,161,095","128,963,561"
DilutedAverageShares,,"1,521,726,221",,,"1,149,706,767","1,167,421,321",,,"1,149,706,641","1,167,421,321",,,,"1,185,146,897",,,"997,551,168","997,551,168",,,"997,551,168","997,551,168",,,,"997,551,168",,,,"663,462,408",,,,"678,103,835",,,,"690,232,340",,,,"685,609,750",,"685,086,545","681,496,510","696,569,612",,"686,492,246","681,860,211","681,860,211",,"681,860,211","681,860,211","681,859,877",,"681,860,211","681,860,211","681,859,877",,"681,859,877","681,859,877","681,859,877",,"681,859,877","681,859,877","681,859,877",,"173,142,454","173,142,454","173,142,454",,"173,142,454","173,142,454","173,142,454",,"173,142,454","173,142,454","173,142,454",,"152,852,355","142,005,631","142,005,631",,"142,005,631","142,005,631","142,005,631",,"142,292,257","146,182,256","156,623,678","139,687,372","140,293,309","140,161,095","128,963,561"
TotalOperatingIncomeAsReported,"2,691,472,000","545,000,000","608,863,000","693,828,000","843,781,000","622,391,000","725,520,000","460,000,000","617,877,000","631,000,000","682,399,000","553,000,000","508,000,000","476,000,000","-304,163,545.597","1,081,966,597.109","532,197,063.877","503,691,519.698","-8,322,404.673","617,701,503.477","423,586,279.638","629,905,527.606","1,023,241,064.375","664,834,540.251","694,343,075.735","536,967,339.463","835,621,884.423","801,874,931.807","980,650,000.337","690,015,883.624","679,155,329.336","986,306,852.14","631,504,110.002","756,841,376.67","725,333,212.422","769,326,755.544","809,633,095.638","711,951,446.298","906,952,508.387","1,064,529,412.489","851,451,581.439","739,055,036.544","1,022,146,229.458","964,823,859.035","977,404,950.977","796,989,653.645","673,938,848.482","796,430,420.146","961,539,659.144","778,659,843.267","906,675,661.374","553,736,530.417","504,437,407.099","655,784,755.614","514,861,419.49","489,144,759.973","487,606,237.542","504,346,246.374","476,017,491.933","464,686,350.895","282,918,836.621","335,546,298.37","368,946,113.035","264,755,113.017","261,924,789.088","266,284,961.043","212,968,856.793","240,443,153.358","218,963,812.743","188,828,799.759","138,816,441.538","146,525,036.438","196,637,441.924","253,027,256.614","384,154,219.552","184,020,685.847","252,651,468.754","289,780,229.396",,,,,,,,,,,,,,,,
RentExpenseSupplemental,,,,,,"2,075,000",,,,,,,,,,,,,,,,,,,,,,,,,,,,,,,,,,,,,,,,,,,,,,,,,,,,,,,,,,,,,,,,,,,,,,,,,,,,,,,,,,,,,,,,
TotalExpenses,"9,669,721,000","2,360,000,000","2,651,514,000","2,452,541,000","2,205,666,000","2,697,793,000","2,807,866,000","2,582,000,000","2,257,500,000","1,960,000,000","1,965,443,000","1,928,000,000","1,740,000,000","1,659,000,000","-884,855,176.799","3,535,206,291.518","1,196,625,583.392","1,287,927,689.227","-850,787,323.306","1,399,874,430.089","1,361,437,386.498","2,119,539,951.946","2,049,795,630.463","1,724,452,732.572","2,292,171,034.733","2,181,799,617.818","1,628,177,065.83","1,954,582,980.087","1,527,050,591.487","2,263,635,352.122","1,687,229,949.064","2,958,194,533.488","2,432,878,583.379","2,550,985,458.776","2,432,099,636.881","1,864,314,819.394","2,574,862,296.1","2,531,117,666.838","2,932,910,591.671","2,898,259,229.481","2,240,208,897.171","2,084,517,255.271","2,926,228,058.899","1,888,089,838.112","1,963,762,051.964","1,924,418,646.728","1,439,455,050.471","1,815,367,106.171","2,429,159,690.575","2,028,721,830.913","2,596,295,656.115","2,094,775,988.279","1,577,731,429.043","1,332,946,245.662","1,367,807,117.462","1,389,175,613.642","1,275,006,407.512","1,252,942,028.925","1,290,625,552.568","1,231,915,424.246","1,120,255,490.397","1,020,142,599.75","1,126,030,288.155","922,218,386.549","885,283,457.196","867,997,400.492","785,754,551.644","829,476,875.549","713,327,910.948","628,811,512.366","806,050,669.272","593,397,355.201","711,941,260.046","705,833,532.277","897,348,111.734","752,085,063.126","872,046,176.094","871,334,151.873","1,130,734,371.805","1,556,203,445.589","827,190,114.209","889,245,548.829","958,157,343.442","768,006,990.956","1,333,056,390.477","457,666,904.048",,,,,,,,
NetIncomeFromContinuingAndDiscontinuedOperation,"1,617,732,000","208,000,000","792,085,000","277,593,000","340,054,000","204,353,000","688,381,000","110,000,000","181,487,000","221,000,000","325,043,000","178,000,000","132,000,000","74,000,000","-349,588,554.992","516,978,669.408","139,117,673.182","262,891,129.842","357,134,048.818","126,411,021.008","210,495,650.377","243,387,659.075","491,851,894.201","105,534,990.266","206,408,108.79","139,796,019.86","324,732,912.828","304,296,896.893","443,749,621.529","178,397,452.498","212,363,539.096","243,572,994.294","111,529,917.877","202,328,609.11","113,705,329.124","191,704,741.543","223,057,388.798","194,577,528.988","311,785,380.577","327,559,269.738","200,526,087.736","176,343,302.193","328,023,071.19","316,443,399.684","386,383,600.386","268,862,264.543","275,559,304.445","221,731,490.876","289,069,034.448","159,897,868.605","-120,188,704.132","118,452,003.626","13,889,141.298","100,364,497.853","82,053,225.743","49,055,155.362","134,674,967.385","267,878,537.177","61,817,827.471","61,936,284.512","-4,745,556.198","13,113,360.843","23,006,192.126","35,590,566.731","6,040,273.926","16,131,152.025","-19,632,744.143","-19,270,170.271","91,986,203.852","-34,218,906.219","-302,237,256.726","-11,759,401.866","9,912,145.819","24,281,993.31","-2,191,714.826","42,944,450.722","10,095,552.158","11,160,588.932","117,491,457.824","-18,107,508.869","45,789,103.795","11,514,833.703","-87,974,770.514","-60,106,503.948","-27,902,428.541","28,512,787.933","38,307,266.443","133,987,329.879","10,778,776.128","2,808,178.194",,,,
NormalizedIncome,"1,721,472,758.394","271,148,148.148","858,052,180","236,820,097.993","340,498,631.505","188,231,752.144","536,719,480","64,860,000","135,624,510.449","234,902,584.493","292,871,366.37","194,895,522.388","176,689,373.297","94,115,000","-355,677,763.614","551,735,796.469","159,121,490.039","98,136,943.832","-330,198,588.806","154,964,578.639","134,839,356.914","259,831,188.56","476,896,363.978","80,469,414.423","216,409,501.96","194,752,739.805","353,619,811.448","392,587,059.579","451,545,094.936","183,971,979.397","272,716,319.177","243,677,885.753","113,358,891.89","215,187,119.878","56,454,524.856","181,863,955.738","263,515,151.557","179,921,206.55","261,441,848.132","366,200,305.921","201,366,243.786","188,853,866.887","155,099,347.288","309,442,531.379","367,580,357.314","268,841,391.571","153,538,220.166","283,453,922.528","221,395,142.271","323,528,434.629","175,326,576.41","125,986,592.121","149,772,437.35","163,416,338.563","268,474,643.947","106,206,699.154","51,546,490.29","319,482,981.552","157,634,720.518","99,501,480.596","9,426,131.752","52,652,996.68","93,256,277.694","83,009,027.737","6,189,606.53","30,698,190.169","48,782,863.056","-26,961,446.117","106,847,253.484","4,816,517.096","66,170,727.377","-40,920,952.877","-30,283,150.536","28,529,499.122","161,662,949.077","-2,866,158.653","-4,892,583.281","-5,352,871.144","-165,427,479.916","-18,806,721.591","-38,423,030.576","-12,275,814.017","22,830,997.477","-111,369,515.316","-34,464,072.187","-17,227,389.446","38,307,266.443","133,987,329.879","10,778,776.128","2,808,178.194",,,,
InterestIncome,"37,020,000","80,000,000","-282,878,000","319,075,000","125,360,000","119,102,000","132,081,000","63,000,000","89,815,000","73,000,000","119,843,000","60,000,000","51,000,000","63,000,000","28,671,200.05","108,577,971.703","71,621,445.237","69,788,619.958","127,988,041.576","65,348,960.507","147,977,946.717","68,568,749.739","228,966,394.702","47,056,240.131","28,137,459.5","134,548,959.865","109,577,920.675","110,390,218.863","163,177,440.156","111,094,857.21","282,912,442.392","84,448,176.938","84,417,268.731","88,228,949.612","-130,636,169.793","63,250,160.74","109,735,389.41","83,124,439.568","148,959,958.454","72,958,048.146","89,885,378.915","46,081,835.447","-150,092,200.016","115,249,679.885","54,626,800.055","59,983,839.898","83,476,434.54","114,141,676.451","80,946,288.686",,,,,,,,,,,,,,,,,,,,,,,,,,,,,,,,,,,,,,,,,,,,,
InterestExpense,"499,069,000","185,000,000","-506,608,000","715,167,000","315,587,000","97,323,000","-260,763,000","227,000,000","293,918,000","203,000,000","-349,841,000","214,000,000","184,000,000","263,000,000","102,371,987.425","266,240,357.933","168,411,561.248","241,666,079.855","89,677,066.625","115,114,000.82","142,366,314.708","176,501,129.329","169,036,606.517","201,765,600.177","258,274,378.464","182,489,579.818","119,609,849.921","221,847,357.747","163,832,928.046","232,608,368.148","211,324,382.511","261,449,560.351","215,549,166.7","236,709,658.958","114,102,796.38","161,614,271.714","230,827,518.755","219,652,088.858","241,892,441.43","246,688,062.475","241,737,753.475","185,850,486.294","327,050,271.703","227,461,779.773","205,527,600.206","328,451,654.442","153,205,352.389","245,643,781.97","268,012,007.27",,,,,,,,,,,,,,,,,,,,,,,,,,,,,,,,,,,,,,,,,,,,,
NetInterestIncome,"-521,327,000","-105,000,000","-79,970,000","-146,130,000","-190,227,000","-222,643,000","-215,678,000","-164,000,000","-204,103,000","-130,000,000","-88,692,000","-154,000,000","-133,000,000","-200,000,000","-73,700,787.375","-157,662,386.229","-96,790,116.011","-171,877,459.897","38,310,974.951","-49,765,040.312","5,611,632.009","-107,932,379.59","59,929,788.185","-154,709,360.046","-230,136,918.963","-47,940,619.952","-10,031,929.246","-111,457,138.883","-655,487.889","-121,513,510.938","71,588,059.881","-177,001,383.413","-131,131,897.969","-148,480,709.347","-329,388,112.012","-98,364,110.974","-121,092,129.345","-136,527,649.29","-92,932,482.975","-173,730,014.329","-151,852,374.56","-139,768,650.847","-477,142,471.719","-112,212,099.888","-150,900,800.151","-268,467,814.544","-69,728,917.849","-131,502,105.519","-187,065,718.584",,,,,,,,,,,,,,,,,,,,,,,,,,,,,,,,,,,,,,,,,,,,,
EBIT,"2,865,223,000","617,000,000","65,501,000","1,347,907,000","1,044,892,000","569,278,000","421,227,000","616,000,000","824,184,000","706,000,000","246,807,000","616,000,000","551,000,000","543,000,000","-438,806,433.042","1,423,498,162.315","595,389,739","585,680,259.649","292,872,538.24","667,776,443.946","559,527,055.735","695,136,867.358","1,203,633,571.96","756,362,050.239","740,454,405.287","629,246,799.371","947,943,317.749","887,023,130.912","1,155,254,514.786","821,057,746.241","975,249,608.881","1,071,810,446.552","710,143,168.862","830,954,096.344","763,496,159.123","847,539,366.136","905,394,395.124","777,451,425.957","1,072,846,284.849","1,124,954,358.505","973,840,041.971","768,121,391.164","1,228,817,515.172","1,090,436,618.91","1,055,534,151.056","981,194,373.332","923,815,318.806","828,969,147.274","1,135,661,958.619","778,659,843.267","602,316,707.039","553,736,530.417","502,168,730.652","655,784,755.614","512,817,297.431","487,055,641.305","485,006,865.328","504,346,246.374","476,017,491.933","464,686,350.895","282,918,836.621","335,546,298.37","368,946,113.035","264,755,113.017","261,924,789.088","266,284,961.043","212,968,856.793","240,443,153.358","218,963,812.743","188,828,799.759","-12,994,566.12","178,081,404.386","196,637,441.924","253,027,256.614","384,154,219.552","184,020,685.847","252,651,468.754","289,780,229.396","26,511,751.024","-463,700,072.014","243,876,748.473","311,501,283.91","210,383,239.836","150,502,805.143","408,269,054.082","1,650,851.206","-1,393,667,254.335","793,802,634.212","735,170,275.382","843,951,153.292",,,,
EBITDA,"3,798,409,000"
ReconciledCostOfRevenue,"8,435,956,000","1,920,000,000","2,510,059,000","1,940,313,000","2,005,465,000","2,278,103,000","2,529,155,000","2,335,000,000","1,894,779,000","1,570,000,000","1,923,249,000","1,610,000,000","1,447,000,000","1,252,000,000","-521,363,925.488","2,667,893,635.782","939,794,184.887","940,811,329.436","-458,389,030.337","1,143,094,368.166","1,109,197,566.575","1,677,039,773.627","1,843,760,842.275","1,322,709,672.137","1,878,606,557.853","1,662,193,258.338","1,556,776,748.195","1,388,802,875.764","1,431,336,952.528","1,697,059,847.439","1,924,834,164.087","2,181,912,609.4","1,806,876,662.981","1,860,098,211.816","1,689,053,622.625","1,397,885,454.116","1,954,741,259.463","1,772,283,370.784","2,078,330,019.069","2,160,012,348.371","1,643,124,484.937","1,478,773,811.122","2,102,085,699.989","1,362,271,409.455","1,393,012,220.897","1,391,192,562.635","1,287,807,437.439","1,161,583,214.367","1,879,006,410.563","1,654,696,945.652","3,021,960,335.688","1,731,544,113.54","1,234,590,115.101","1,020,627,617.544","1,054,150,507.757","1,067,460,253.677","983,072,028.698","957,239,591.841","967,732,194.647","939,021,790.564","855,749,327.381","764,185,609.003","848,882,318.841","693,723,056.907","647,630,163.293","624,170,344.254","617,505,603.344","562,168,602.414","543,924,262.008","411,873,643.986","542,968,566.381","413,327,504.16","472,993,370.49","469,837,741.882","681,829,093.59","508,457,860.998","622,077,161.405","599,916,249.927","187,591,913.961","1,064,829,954.459","524,583,863.042","571,436,138.629","98,303,223.294","641,518,519.17","1,187,988,298.36","408,375,054.58",,,,,,,,
ReconciledDepreciation,"933,186,000","223,000,000","279,330,000","188,624,000","242,232,000","238,144,000","292,440,000","230,000,000","173,604,000","167,000,000","167,114,000","170,000,000","167,000,000","144,000,000","-21,839,638.752","264,258,093.366","121,349,802.279","113,321,949.932","-43,121,344.89","134,092,480.908","120,745,619.473","186,600,809.291","211,016,337.852","171,645,640.2","205,404,298.611","202,580,559.797","177,460,237.642","253,102,007.44","180,671,608.96","216,165,337.23","205,168,259.083","277,561,696.984","193,871,206.959","226,822,469.002","219,893,843.901","171,868,541.602","212,006,228.855","214,461,378.885","207,161,360.143","282,958,256.525","217,407,037.318","230,919,449.826","292,619,032.864","194,103,408.988","225,304,880.721","183,535,869.688","223,349,034.53","317,606,283.476","170,919,205.8","267,507,250.71","247,188,456.371","259,541,394.348","230,490,725.139","228,264,060.863","223,738,886.611","233,609,138.158","216,137,317.843","213,506,577.632","206,052,619.32","219,806,561.845","189,613,015.94","191,671,748.944","226,017,741.732","176,347,306.067","172,861,535.477","185,069,924.242","166,150,643.699","209,914,420.327","138,642,257.021","169,952,692.593","683,995,562.079","166,696,315.272","167,021,445.344","174,518,732.582","177,535,779.169","160,309,495.825","169,819,152.886","179,554,121.778","797,393,080.546","336,258,300.255","175,193,092.781","196,252,817.893","698,911,838.236","14,606,058.306","-2,750,308.196","7,833,018.177",,,,,,,,
NetIncomeFromContinuingOperationNetMinorityInterest,"1,617,732,000","208,000,000","792,085,000","277,593,000","340,054,000","204,353,000","688,381,000","110,000,000","181,487,000","221,000,000","325,043,000","178,000,000","132,000,000","74,000,000","-521,784,769.055","690,825,552.631","137,263,166.694","93,177,149.944","-190,397,891.419","126,411,021.008","113,325,708.781","243,387,659.075","491,851,894.201","105,534,990.266","206,408,108.79","139,796,019.86","324,732,912.828","304,296,896.893","443,749,621.529","178,397,452.498","212,363,539.096","243,572,994.294","111,529,917.877","202,328,609.11","113,705,329.124","191,704,741.543","223,057,388.798","194,577,528.988","311,785,380.577","327,559,269.738","200,526,087.736","176,343,302.193","328,023,071.19","316,443,399.684","386,383,600.386","268,862,264.543","275,559,304.445","221,731,490.876","289,069,034.448","159,897,868.605","-120,188,704.132","118,452,003.626","13,889,141.298","100,364,497.853","82,053,225.743","49,055,155.362","134,674,967.385","267,878,537.177","61,817,827.471","61,936,284.512","-4,745,556.198","13,113,360.843","23,006,192.126","35,590,566.731","6,040,273.926","16,131,152.025","-19,632,744.143","-19,270,170.271","91,986,203.852","-34,218,906.219","-302,237,256.726","-11,759,401.866","9,912,145.819","24,281,993.31","-2,191,714.826","42,944,450.722","10,095,552.158","11,160,588.932","117,491,457.824","-18,107,508.869","45,789,103.795","11,514,833.703","-87,974,770.514","-60,106,503.948","-27,902,428.541","28,512,787.933","38,307,266.443","133,987,329.879","10,778,776.128","2,808,178.194",,,,
TotalUnusualItemsExcludingGoodwill,"-113,444,000","-88,000,000","-90,366,000","65,556,000","-634,000","24,078,000","204,948,000","61,000,000","74,361,000","-21,000,000","40,883,000","-24,000,000","-71,000,000","-27,000,000","-218,561,849.264","167,290,584.066","-34,396,615.933","-6,630,499.996","180,387,996.628","-36,843,300.168","-34,291,189.975","-23,210,819.912","21,404,287.763","31,331,969.804","-11,981,229.754","-68,695,899.931","-45,467,480.251","-116,537,488.854","-11,515,461.354","-7,921,568.46","-94,838,396.302","-145,042.514","-2,244,139.893","-16,449,839.928","71,563,505.334","14,964,359.851","-55,191,579.71","22,208,199.885","60,552,391.922","-47,370,519.355","-1,238,862.647","-18,364,058.394","226,529,364.322","9,460,359.991","22,605,150.023","25,725","167,199,654.82","-83,415,011.329","93,059,367.788","-248,805,053.175","-356,042,506.677","-8,716,585.018","-163,714,814.521","-75,966,073.145","-211,782,655.967","-95,252,572.987","120,359,139.966","-86,007,407.292","-143,679,696.256","-59,880,826.043","-23,619,479.917","-65,899,393.061","-111,632,629.406","-68,901,929.792","-248,887.673","-24,278,396.905","-114,026,011.998","12,818,793.077","-19,318,676.813","-65,059,038.859","-614,013,306.839","48,602,585.019","66,992,160.592","-7,079,176.354","-267,776,898.878","76,351,015.625","24,980,225.731","27,522,433.461","427,948,567.208","1,165,354.537","140,353,557.285","39,651,079.533","-184,676,279.986","85,438,352.28","10,936,072.744","75,336,384.171",,,,,,,,
TotalUnusualItems,"-113,444,000","-88,000,000","-90,366,000","65,556,000","-634,000","24,078,000","204,948,000","61,000,000","74,361,000","-21,000,000","40,883,000","-24,000,000","-71,000,000","-27,000,000","-218,561,849.264","167,290,584.066","-34,396,615.933","-6,630,499.996","180,387,996.628","-36,843,300.168","-34,291,189.975","-23,210,819.912","21,404,287.763","31,331,969.804","-11,981,229.754","-68,695,899.931","-45,467,480.251","-116,537,488.854","-11,515,461.354","-7,921,568.46","-94,838,396.302","-145,042.514","-2,244,139.893","-16,449,839.928","71,563,505.334","14,964,359.851","-55,191,579.71","22,208,199.885","60,552,391.922","-47,370,519.355","-1,238,862.647","-18,364,058.394","226,529,364.322","9,460,359.991","22,605,150.023","25,725","167,199,654.82","-83,415,011.329","93,059,367.788","-248,805,053.175","-356,042,506.677","-8,716,585.018","-163,714,814.521","-75,966,073.145","-211,782,655.967","-95,252,572.987","120,359,139.966","-86,007,407.292","-143,679,696.256","-59,880,826.043","-23,619,479.917","-65,899,393.061","-111,632,629.406","-68,901,929.792","-248,887.673","-24,278,396.905","-114,026,011.998","12,818,793.077","-19,318,676.813","-65,059,038.859","-614,013,306.839","48,602,585.019","66,992,160.592","-7,079,176.354","-267,776,898.878","76,351,015.625","24,980,225.731","27,522,433.461","427,948,567.208","1,165,354.537","140,353,557.285","39,651,079.533","-184,676,279.986","85,438,352.28","10,936,072.744","75,336,384.171",,,,,,,,
NormalizedEBITDA,"3,911,853,000","928,000,000","435,197,000","1,470,975,000","1,287,758,000","783,344,000","508,719,000","785,000,000","923,427,000","894,000,000","373,038,000","810,000,000","789,000,000","714,000,000","-220,244,583.777","1,520,465,671.615","751,136,157.213","705,632,709.577","112,484,541.612","838,712,225.022","714,563,865.183","904,948,496.561","1,393,245,622.048","896,675,720.636","957,839,933.653","900,523,259.099","1,170,871,035.643","1,256,662,627.206","1,347,441,585.1","1,045,144,651.931","1,275,256,264.266","1,349,517,186.05","906,258,515.714","1,074,226,405.273","911,826,497.69","1,004,443,547.887","1,172,592,203.688","969,704,604.958","1,219,455,253.07","1,455,283,134.385","1,192,485,941.936","1,017,404,899.384","1,294,907,183.713","1,281,707,698.718","1,258,233,881.754","1,164,755,968.02","979,964,698.516","1,229,990,442.08","1,268,538,106.745","1,294,972,147.152","1,837,664,500.594","821,994,509.782","896,374,270.312","960,014,889.621","948,338,840.009","815,917,352.45","580,785,043.205","803,860,231.297","825,749,807.509","744,373,738.782","496,151,332.479","593,117,440.376","706,596,484.172","510,004,348.876","435,035,212.238","475,633,282.191","493,145,512.49","437,538,780.608","376,924,746.577","423,840,531.211","1,285,014,302.797","296,175,134.639","296,666,726.676","434,625,165.55","829,466,897.599","267,979,166.047","397,490,395.909","441,811,917.713","395,956,264.362","-128,607,126.296","278,716,283.969","468,103,022.269","1,093,971,358.058","79,670,511.169","400,056,754.139","-65,852,514.788","-1,393,667,254.335","793,802,634.212","735,170,275.382","843,951,153.292",,,,
TaxRateForCalcs,"0.086","0.282","0.27","0.378","0.299","0.33","0.26","0.26","0.383","0.338","0.213","0.296","0.371","0.255","0.24","0.169","0.365","0.252","0.225","0.225","0.373","0.292","0.301","0.2","0.165","0.2","0.365","0.242","0.323","0.296","0.364","0.277","0.185","0.218","0.2","0.342","0.267","0.34","0.169","0.184","0.322","0.319","0.237","0.26","0.168","0.189","0.27","0.26","0.273","0.342","0.17","0.136","0.17","0.17","0.12","0.4","0.309","0.4","0.333","0.373","0.4","0.4","0.371","0.312","0.4","0.4","0.4","0.4","0.231","0.4","0.4","0.4","0.4","0.4","0.388","0.4","0.4","0.4","0.339","0.4","0.4","0.4","0.4","0.4","0.4","0.393","0.4","0.4","0.4","0.4",,,,
TaxEffectOfUnusualItems,"-9,703,241.606","-24,851,851.852","-24,398,820","24,783,097.993","-189,368.495","7,956,752.144","53,286,480","15,860,000","28,498,510.449","-7,097,415.507","8,711,366.37","-7,104,477.612","-26,310,626.703","-6,885,000","-52,454,843.823","28,200,827.904","-12,538,292.588","-1,670,706.109","40,587,299.241","-8,289,742.538","-12,777,541.842","-6,767,290.427","6,448,757.54","6,266,393.961","-1,979,836.584","-13,739,179.986","-16,580,581.631","-28,247,326.168","-3,719,987.947","-2,347,041.56","-34,485,616.221","-40,151.056","-415,165.88","-3,591,329.16","14,312,701.067","5,123,574.046","-14,733,816.951","7,551,877.446","10,208,859.476","-8,729,483.172","-398,706.597","-5,853,493.699","53,605,640.421","2,459,491.686","3,801,906.95","4,852.028","45,178,570.541","-21,692,579.677","25,385,475.611","-85,174,487.15","-60,527,226.135","-1,181,996.523","-27,831,518.469","-12,914,232.435","-25,361,237.763","-38,101,029.195","37,230,662.871","-34,402,962.917","-47,862,803.209","-22,315,629.958","-9,447,791.967","-26,359,757.225","-41,382,543.838","-21,483,468.786","-99,555.069","-9,711,358.762","-45,610,404.799","5,127,517.231","-4,457,627.182","-26,023,615.544","-245,605,322.736","19,441,034.008","26,796,864.237","-2,831,670.542","-103,922,234.975","30,540,406.25","9,992,090.292","11,008,973.385","145,029,629.468","466,141.815","56,141,422.914","15,860,431.813","-73,870,511.994","34,175,340.912","4,374,429.098","29,596,206.792","0","0","0","0",,,,