name,ttm,12/31/2019,09/30/2019,06/30/2019,03/31/2019,12/31/2018,09/30/2018,06/30/2018,03/31/2018,12/31/2017,09/30/2017,06/30/2017,03/31/2017,12/31/2016,09/30/2016,06/30/2016,03/31/2016,12/31/2015,09/30/2015,06/30/2015,03/31/2015,12/31/2014,09/30/2014,06/30/2014,03/31/2014,12/31/2013,09/30/2013,06/30/2013,03/31/2013,12/31/2012,09/30/2012,06/30/2012,03/31/2012,12/31/2011,09/30/2011,06/30/2011,03/31/2011,12/31/2010
TotalRevenue,"1,630,242,000","425,859,000","408,434,000","406,167,000","389,782,000","384,791,000","364,584,000","269,761,000","232,842,000","224,511,000","207,193,000","198,966,000","203,426,000","212,173,000","170,836,000","172,004,000","180,601,000","165,921,000","148,789,000","144,613,000","154,811,000","112,136,000","95,844,000","91,568,000","62,573,000","50,807,000","45,882,000","44,837,000","44,365,000","41,790,000","34,452,000","29,665,000","31,003,000","30,388,000","27,420,000","25,179,000","26,626,000","27,298,000"
	OperatingRevenue,"1,630,242,000","425,859,000","408,434,000","406,167,000","389,782,000","384,791,000","364,584,000","269,761,000","232,842,000","224,511,000","207,193,000","198,966,000","203,426,000","212,173,000","170,836,000","172,004,000","180,601,000","165,921,000","148,789,000","144,613,000","154,811,000","112,136,000","95,844,000","91,568,000","62,573,000","50,807,000","45,882,000","44,837,000","44,365,000","41,790,000","34,452,000","29,665,000","31,003,000","30,388,000","27,420,000","25,179,000","26,626,000","27,298,000"
CostOfRevenue,"276,418,000","74,964,000","73,737,000","70,265,000","57,452,000","55,344,000","53,954,000","38,463,000","23,179,000","33,294,000","22,244,000","21,400,000","20,547,000","16,398,000","15,704,000","15,111,000","15,478,000","14,238,000","13,217,000","12,258,000","11,927,000","9,857,000","9,846,000","8,525,000","6,849,000","5,697,000","5,278,000","7,858,000","7,348,000","-1,056,000","8,109,000","6,162,000","7,024,000","6,734,000","5,424,000","9,176,000","4,887,000","6,838,000"
GrossProfit,"1,353,824,000","350,895,000","334,697,000","335,902,000","332,330,000","329,447,000","310,630,000","231,298,000","209,663,000","191,217,000","184,949,000","177,566,000","182,879,000","195,775,000","155,132,000","156,893,000","165,123,000","151,683,000","135,572,000","132,355,000","142,884,000","102,279,000","85,998,000","83,043,000","55,724,000","45,110,000","40,604,000","36,979,000","37,017,000","42,846,000","26,343,000","23,503,000","23,979,000","23,654,000","21,996,000","16,003,000","21,739,000","20,460,000"
OperatingExpense,"275,987,000","75,356,000","66,866,000","72,962,000","60,803,000","86,019,000","77,130,000","49,025,000","31,321,000","42,220,000","39,443,000","36,474,000","37,766,000","46,658,000","33,781,000","32,598,000","32,937,000","30,934,000","32,661,000","30,959,000","30,132,000","18,426,000","21,611,000","21,503,000","15,483,000","13,696,000","13,011,000","12,833,000","10,880,000","18,843,000","12,046,000","7,504,000","7,587,000","6,869,000","7,989,000","7,271,000","6,643,000","7,967,000"
	SellingGeneralAndAdministration,"110,620,000","27,449,000","23,845,000","26,406,000","32,920,000","41,361,000","29,038,000","24,438,000","13,145,000","18,974,000","18,839,000","15,893,000","17,480,000","23,566,000","16,112,000","16,791,000","16,292,000","12,840,000","14,205,000","13,727,000","15,653,000","6,259,000","9,901,000","10,556,000","7,359,000","5,835,000","5,279,000","6,104,000","4,248,000","2,481,000","5,211,000","4,334,000","4,549,000","3,934,000","5,154,000","4,412,000","3,802,000","5,155,000"
	DepreciationAmortizationDepletionIncomeStatement,,,,,,,,,,,,,,,,,,,,,,,,,,,,,,,"6,835,000","3,170,000","3,038,000","2,935,000","2,835,000","2,859,000","2,841,000","2,812,000"
		DepreciationAndAmortizationInIncomeStatement,,,,,,,,,,,,,,,,,,,,,,,,,,,,,,,"6,835,000","3,170,000","3,038,000","2,935,000","2,835,000","2,859,000","2,841,000","2,812,000"
OperatingIncome,"1,077,837,000","275,539,000","267,831,000","262,940,000","271,527,000","243,428,000","233,500,000","182,273,000","178,342,000","148,997,000","145,506,000","141,092,000","145,113,000","149,117,000","121,351,000","124,295,000","132,186,000","120,749,000","102,911,000","101,396,000","112,752,000","83,853,000","64,387,000","61,540,000","40,241,000","31,414,000","27,593,000","24,146,000","26,137,000","24,003,000","14,297,000","15,999,000","16,392,000","16,785,000","14,007,000","8,732,000","15,096,000","12,493,000"
NetNonOperatingInterestIncomeExpense,"-209,984,000","-56,988,000","-53,923,000","-49,717,000","-49,356,000","-45,354,000","-41,005,000","-20,683,000","-10,833,000","-10,167,000","-9,426,000","-8,662,000","-7,926,000","10,545,000","-7,662,000","-9,391,000","-10,258,000","-11,300,000","-11,264,000","-11,640,000","-11,457,000","-9,912,000","-8,660,000","-6,629,000","-5,655,000","-1,059,000","-196,000","-6,485,000","-4,204,000","-4,301,000","-2,901,000","-1,214,000","-1,539,000","-699,000","-1,759,000","-1,298,000","-1,294,000","-1,304,000"
	InterestExpenseNonOperating,,,,,,,,,,,,,,,"7,662,000","9,391,000","10,258,000","11,300,000","11,264,000","11,640,000","11,457,000","9,912,000",,,,,,,,,,,,,,,,
	TotalOtherFinanceCost,"209,984,000","56,988,000","53,923,000","49,717,000","49,356,000","45,354,000","41,005,000","20,683,000","10,833,000","10,167,000","9,426,000","8,662,000","7,926,000","5,318,000",,,,,,,,,"8,660,000","6,629,000","5,655,000","1,059,000","196,000","6,485,000","4,204,000","4,301,000","2,901,000","1,214,000","1,539,000","699,000","1,759,000","1,298,000","1,294,000","1,304,000"
OtherIncomeExpense,"-705,771,000","-424,656,000","-254,123,000","-56,752,000","29,760,000","-234,181,000","17,432,000","11,882,000","9,709,000","7,801,000","6,858,000","6,709,000","6,009,000","8,044,000","12,879,000","9,858,000","7,137,000","3,260,000","2,469,000","1,563,000","714,000","715,000","806,000","559,000","269,000","397,000","319,000","229,000","297,000","458,000","615,000","4,157,000","2,471,000","1,669,000","1,151,000","660,000","346,000","-11,000"
	EarningsFromEquityInterest,"163,279,000","50,986,000","44,448,000","36,782,000","31,063,000","25,942,000","16,087,000","10,938,000","8,811,000",,,,,,,,,"1,220,000","753,000","394,000",,,,,,,,,,,,,,,,,,
	SpecialIncomeCharges,"-873,651,000","-475,737,000","-298,908,000","-95,493,000","-3,513,000","-261,941,000",,,,,,,,,,,,,,,,,,,,,,,,,"615,000","4,157,000","2,471,000","1,669,000","1,151,000","660,000","346,000","-11,000"
		RestructuringAndMergernAcquisition,"19,344,000","217,000","256,000","15,358,000","3,513,000",,,,,,,,,,,,,,,,,,,,,,,,,,,,,,,,,
		ImpairmentOfCapitalAssets,"854,307,000","475,520,000","298,652,000","80,135,000",,"261,941,000",,,,,,,,,,,,,,,,,,,,,,,,,,,,,,,,
	OtherNonOperatingIncomeExpenses,"4,601,000","95,000","337,000","1,959,000","2,210,000","1,818,000","1,345,000","944,000","898,000","7,801,000","6,858,000","6,709,000","6,009,000","8,044,000","12,879,000","9,858,000","7,137,000","2,040,000","1,716,000","1,169,000","714,000","715,000","806,000","559,000","269,000","397,000","319,000","229,000","297,000","458,000",,,,,,,,
PretaxIncome,"162,082,000","-206,105,000","-40,215,000","156,471,000","251,931,000","-36,107,000","209,927,000","173,472,000","177,218,000","146,631,000","142,938,000","139,139,000","143,196,000","167,706,000","126,568,000","124,762,000","129,065,000","112,709,000","94,116,000","91,319,000","102,009,000","74,656,000","56,533,000","55,470,000","34,855,000","30,752,000","27,716,000","17,890,000","22,230,000","20,160,000","12,011,000","18,942,000","17,324,000","17,755,000","13,399,000","8,094,000","14,148,000","11,178,000"
TaxProvision,,,,,,,,,,"0","0","0","0","0",,"0",,"0","0","0","6,703,000","0","0","3,390,000","0","0","0","0","0","0","0","6,930,000","6,201,000","7,122,000","5,018,000","3,154,000","5,513,000","4,713,000"
NetIncomeCommonStockholders,"109,392,000","-235,979,000","-36,019,000","129,459,000","251,931,000","-107,740,000","128,091,000","91,391,000","129,937,000","102,973,000","102,808,000","102,541,000","109,991,000","105,704,000","99,429,000","100,335,000","107,878,000","94,415,000","79,601,000","79,411,000","74,471,000","68,006,000","51,993,000","43,786,000","33,132,000","29,551,000","26,961,000","17,532,000","21,786,000","19,758,000","11,662,000","12,012,000","11,123,000","10,633,000","8,381,000","4,940,000","8,635,000","6,465,000"
	NetIncome,"183,373,000","-210,478,000","-10,518,000","152,438,000","251,931,000","-36,107,000","209,927,000","172,619,000","177,218,000","146,631,000","142,938,000","139,139,000","143,196,000","157,559,000","126,568,000","124,762,000","129,065,000","112,709,000","94,116,000","91,319,000","95,306,000","74,656,000","56,533,000","52,080,000","34,855,000","30,752,000","27,716,000","17,890,000","22,230,000","-3,086,000","12,011,000","12,012,000","11,123,000","10,633,000","8,381,000","4,940,000","8,635,000","6,465,000"
		NetIncomeIncludingNoncontrollingInterests,"162,082,000","-206,105,000","-40,215,000","156,471,000","251,931,000","-36,107,000","209,927,000","173,472,000","177,218,000","146,631,000","142,938,000","139,139,000","143,196,000","157,559,000","126,568,000","124,762,000","129,065,000","112,709,000","94,116,000","91,319,000","95,306,000","74,656,000","56,533,000","52,080,000","34,855,000","30,752,000","27,716,000","17,890,000","22,230,000","20,160,000","12,011,000","12,012,000","11,123,000","10,633,000","8,381,000","4,940,000","8,635,000","6,465,000"
			NetIncomeContinuousOperations,"162,082,000","-206,105,000","-40,215,000","156,471,000","251,931,000","-36,107,000","209,927,000","173,472,000","177,218,000","146,631,000","142,938,000","139,139,000","143,196,000","157,559,000","126,568,000","124,762,000","129,065,000","112,709,000","94,116,000","91,319,000","95,306,000","74,656,000","56,533,000","52,080,000","34,855,000","30,752,000","27,716,000","17,890,000","22,230,000","20,160,000","12,011,000","12,012,000","11,123,000","10,633,000","8,381,000","4,940,000","8,635,000","6,465,000"
		MinorityInterests,"21,291,000","-4,373,000","29,697,000","-4,033,000","0","0","0","-853,000",,,,,,,,,,,,,,,,,,,,,,,,,,,,,,
	PreferredStockDividends,,,,,,"71,633,000","73,346,000","69,821,000","47,281,000","43,658,000","40,130,000","36,598,000","33,205,000","29,994,000","27,139,000","24,427,000","21,187,000","18,294,000","14,515,000","11,908,000","9,729,000","6,650,000","4,540,000","2,792,000","1,723,000","1,201,000","755,000","358,000","444,000","402,000","238,000",,,,,,,
	OtherunderPreferredStockDividend,"73,981,000","25,501,000","25,501,000","22,979,000","0","0","8,490,000","11,407,000",,"0","0","0","0","0",,"0",,"0","0","0","11,106,000","0","0","5,502,000","0","0","0",,,,"111,000",,,,,,,
DilutedNIAvailtoComStockholders,"109,392,000","-235,979,000","-36,019,000","129,459,000","251,931,000","-107,740,000","128,091,000","91,391,000","129,937,000","102,973,000","102,808,000","102,541,000","109,991,000","105,704,000","99,429,000","100,335,000","107,878,000","94,415,000","79,601,000","79,411,000","74,471,000","68,006,000","51,993,000","43,786,000","33,132,000","29,551,000","26,961,000","17,532,000","21,786,000","20,160,000",,"12,012,000","11,123,000","10,633,000",,"4,940,000","8,635,000","6,465,000"
BasicEPS,,"-1.18","-0.18","0.65","1.63","-0.89","1.14","1.09","1.61","1.28","1.28","1.27","1.36","1.31","1.23","1.27","1.39","1.27","1.12","1.12","1.18","1.12","0.86","0.81","0.69","0.62","0.61","0.51","0.63","0.57","0.34","0.346","0.321",,"0.242","0.142","0.249",
DilutedEPS,,"-1.18","-0.18","0.62","1.56","-0.89","1.14","1.09","1.61","1.28","1.28","1.27","1.36","1.31","1.23","1.27","1.39","1.26","1.12","1.12","1.18","1.12","0.85","0.81","0.69","0.62","0.6","0.5","0.63","0.57","0.34","0.346","0.321",,"0.242","0.142","0.249",
BasicAverageShares,,"200,484,000","200,483,000","200,482,000","154,259,000","120,475,000","111,980,000","83,553,000","80,607,000","80,603,000","80,603,000","80,603,000","80,602,000","80,599,000","80,599,000","78,865,000","77,593,000","74,626,000","70,929,000","70,722,000","63,211,000","60,699,000","60,699,000","54,259,000","47,819,000","47,809,000","44,526,000","34,679,000","34,679,000","34,679,000","34,679,000","34,679,436","34,679,436",,"34,679,436","34,679,436","34,679,436",
DilutedAverageShares,,"200,484,000","200,483,000","207,482,000","161,259,000","120,475,000","111,980,000","83,553,000","80,607,000","80,603,000","80,603,000","80,603,000","80,602,000","80,599,000","80,599,000","78,865,000","77,675,000","74,788,000","71,086,000","70,876,000","63,379,000","60,877,000","60,827,000","54,386,000","47,938,000","47,930,000","44,639,000","34,785,000","34,768,000","34,743,000","34,684,000","34,679,436","34,679,436",,"34,679,436","34,679,436","34,679,436",
TotalOperatingIncomeAsReported,"204,186,000","-200,198,000","-31,077,000","167,447,000","268,014,000","-18,513,000","233,500,000","182,273,000","178,342,000","148,997,000","145,506,000","141,092,000","145,113,000","149,117,000","121,351,000","124,295,000","132,186,000","120,749,000","102,911,000","101,396,000","112,752,000","83,853,000","64,387,000","61,540,000","40,241,000","31,414,000","27,593,000","24,146,000","26,137,000","24,003,000","14,297,000","15,999,000","16,392,000","16,785,000","14,007,000","8,732,000","15,096,000","12,493,000"
TotalExpenses,"552,405,000","150,320,000","140,603,000","143,227,000","118,255,000","141,363,000","131,084,000","87,488,000","54,500,000","75,514,000","61,687,000","57,874,000","58,313,000","63,056,000","49,485,000","47,709,000","48,415,000","45,172,000","45,878,000","43,217,000","42,059,000","28,283,000","31,457,000","30,028,000","22,332,000","19,393,000","18,289,000","20,691,000","18,228,000","17,787,000","20,155,000","13,666,000","14,611,000","13,603,000","13,413,000","16,447,000","11,530,000","14,805,000"
NetIncomeFromContinuingAndDiscontinuedOperation,"183,373,000","-210,478,000","-10,518,000","152,438,000","251,931,000","-36,107,000","209,927,000","172,619,000","177,218,000","146,631,000","142,938,000","139,139,000","143,196,000","157,559,000","126,568,000","124,762,000","129,065,000","112,709,000","94,116,000","91,319,000","95,306,000","74,656,000","56,533,000","52,080,000","34,855,000","30,752,000","27,716,000","17,890,000","22,230,000","-3,086,000","12,011,000","12,012,000","11,123,000","10,633,000","8,381,000","4,940,000","8,635,000","6,465,000"
NormalizedIncome,"821,138,230","265,259,000","288,390,000","222,147,890","254,495,490","-36,107,000","209,927,000","172,619,000","177,218,000","146,631,000","142,938,000","139,139,000","143,196,000","157,559,000","126,568,000","124,762,000","129,065,000","112,709,000","94,116,000","91,319,000","95,306,000","74,656,000","56,533,000","52,080,000","34,855,000","30,752,000","27,716,000","17,890,000","22,230,000","-3,086,000","11,396,000","9,375,853.659","9,536,476.507","9,631,600","7,661,055.9","4,537,183.099","8,423,824.569","6,472,150"
InterestExpense,,,,,,,,,,,,,,,"7,662,000","9,391,000","10,258,000","11,300,000","11,264,000","11,640,000","11,457,000","9,912,000",,,,,,,,,,,,,,,,
NetInterestIncome,"-209,984,000","-56,988,000","-53,923,000","-49,717,000","-49,356,000","-45,354,000","-41,005,000","-20,683,000","-10,833,000","-10,167,000","-9,426,000","-8,662,000","-7,926,000","10,545,000","-7,662,000","-9,391,000","-10,258,000","-11,300,000","-11,264,000","-11,640,000","-11,457,000","-9,912,000","-8,660,000","-6,629,000","-5,655,000","-1,059,000","-196,000","-6,485,000","-4,204,000","-4,301,000","-2,901,000","-1,214,000","-1,539,000","-699,000","-1,759,000","-1,298,000","-1,294,000","-1,304,000"
EBIT,"1,077,837,000","275,539,000","267,831,000","262,940,000","271,527,000","243,428,000","233,500,000","182,273,000","178,342,000","148,997,000","145,506,000","141,092,000","145,113,000","119,243,000","134,230,000","134,153,000","139,323,000","124,009,000","105,380,000","102,959,000","113,466,000","86,202,000","64,387,000","61,540,000","40,241,000","31,414,000","27,593,000","24,146,000","26,137,000","24,003,000","14,297,000","15,999,000","16,392,000","16,785,000","14,007,000","8,732,000","15,096,000","12,493,000"
EBITDA,"1,354,255,000"
ReconciledCostOfRevenue,"276,418,000","74,964,000","73,737,000","70,265,000","57,452,000","55,344,000","53,954,000","38,463,000","23,179,000","33,294,000","22,244,000","21,400,000","20,547,000","16,398,000","15,704,000","15,111,000","15,478,000","14,238,000","13,217,000","12,258,000","11,927,000","9,857,000","9,846,000","8,525,000","6,849,000","5,697,000","5,278,000","7,858,000","7,348,000","-1,056,000","8,109,000","6,162,000","7,024,000","6,734,000","5,424,000","9,176,000","4,887,000","6,838,000"
ReconciledDepreciation,"276,418,000","74,964,000","73,737,000","70,265,000","57,452,000","55,344,000","81,883,000","53,055,000","23,179,000","33,294,000","22,244,000","21,400,000","20,547,000","16,398,000","15,704,000","15,111,000","15,478,000","14,238,000","13,217,000","12,258,000","11,927,000","9,857,000","9,846,000","10,047,000","6,849,000","5,697,000","287,000","7,858,000","7,348,000","7,196,000","6,835,000","3,170,000","3,038,000","2,935,000","2,835,000","2,859,000","2,841,000","2,812,000"
NetIncomeFromContinuingOperationNetMinorityInterest,"183,373,000","-210,478,000","-10,518,000","152,438,000","251,931,000","-36,107,000","209,927,000","172,619,000","177,218,000","146,631,000","142,938,000","139,139,000","143,196,000","157,559,000","126,568,000","124,762,000","129,065,000","112,709,000","94,116,000","91,319,000","95,306,000","74,656,000","56,533,000","52,080,000","34,855,000","30,752,000","27,716,000","17,890,000","22,230,000","-3,086,000","12,011,000","12,012,000","11,123,000","10,633,000","8,381,000","4,940,000","8,635,000","6,465,000"
TotalUnusualItemsExcludingGoodwill,"-873,651,000","-475,737,000","-298,908,000","-95,493,000","-3,513,000","-261,941,000",,,,,,,,,,,,,,,,,,,,,,,,,"615,000","4,157,000","2,471,000","1,669,000","1,151,000","660,000","346,000","-11,000"
TotalUnusualItems,"-873,651,000","-475,737,000","-298,908,000","-95,493,000","-3,513,000","-261,941,000",,,,,,,,,,,,,,,,,,,,,,,,,"615,000","4,157,000","2,471,000","1,669,000","1,151,000","660,000","346,000","-11,000"
NormalizedEBITDA,"2,227,906,000","826,240,000","640,476,000","428,698,000","332,492,000","298,772,000","315,383,000","235,328,000","201,521,000","182,291,000","167,750,000","162,492,000","165,660,000","135,641,000","149,934,000","149,264,000","154,801,000","138,247,000","118,597,000","115,217,000","125,393,000","96,059,000","74,233,000","71,587,000","47,090,000","37,111,000","27,880,000","32,004,000","33,485,000","31,199,000","20,517,000","15,012,000","16,959,000","18,051,000","15,691,000","10,931,000","17,591,000","15,316,000"
TaxRateForCalcs,"0.27","0","0","0.27","0.27","0","0.27","0.27","0.27","0.4","0","0","0","0.4","0.4","0","0.4","0","0","0","0.066","0","0","0.061","0","0","0","0","0","0","0","0.366","0.358","0.4","0.375","0.39","0.39","0.35"
TaxEffectOfUnusualItems,"-235,885,770","0","0","-25,783,110","-948,510","0","0","0","0","0","0","0","0","0","0","0","0","0","0","0","0","0","0","0","0","0","0","0","0","0","0","1,520,853.659","884,476.507","667,600","431,055.9","257,183.099","134,824.569","-3,850"