name,ttm,03/31/2020,12/31/2019,09/30/2019,06/30/2019,03/31/2019,12/31/2018,09/30/2018,06/30/2018,03/31/2018,12/31/2017,09/30/2017,06/30/2017,03/31/2017,12/31/2016,09/30/2016,06/30/2016,03/31/2016,12/31/2015,09/30/2015,06/30/2015,03/31/2015,12/31/2014,09/30/2014,06/30/2014,03/31/2014,12/31/2013,09/30/2013,06/30/2013,03/31/2013,12/31/2012,09/30/2012,06/30/2012,03/31/2012,12/31/2011,09/30/2011,06/30/2011,03/31/2011,12/31/2010,09/30/2010,06/30/2010,03/31/2010,12/31/2009,09/30/2009,06/30/2009,03/31/2009,12/31/2008,09/30/2008,06/30/2008,03/31/2008,12/31/2007,09/30/2007,06/30/2007,03/31/2007,12/31/2006,09/30/2006,06/30/2006,03/31/2006,12/31/2005,09/30/2005,06/30/2005,03/31/2005,12/31/2004,09/30/2004,06/30/2004,03/31/2004,12/31/2003,09/30/2003,06/30/2003,03/31/2003,12/31/2002,09/30/2002,06/30/2002,03/31/2002,12/31/2001,09/30/2001,06/30/2001,03/31/2001,12/31/2000,09/30/2000,06/30/2000,03/31/2000,12/31/1999,09/30/1999,06/30/1999,03/31/1999,12/31/1998,09/30/1998,06/30/1998,03/31/1998,12/31/1997,09/30/1997,06/30/1997,03/31/1997,12/31/1996,09/30/1996,06/30/1996,03/31/1996,12/31/1995
TotalRevenue,"2,838,000,000","707,000,000","679,000,000","767,000,000","685,000,000","755,000,000","735,000,000","720,000,000","710,000,000","708,000,000","637,000,000","599,000,000","577,000,000","553,000,000","509,000,000","486,000,000","474,000,000","472,000,000","454,000,000","73,000,000","445,000,000","456,000,000","461,000,000","440,000,000","438,000,000","475,000,000","447,099,000","416,802,000","439,931,000","419,865,000","603,512,000","444,573,000","457,677,000","447,817,000","477,775,000","510,471,000","520,503,000","542,757,000","527,508,000","496,723,000","546,159,000","545,155,000","544,852,000","594,556,000","650,577,000","497,343,000","388,981,000","312,099,000","443,912,000","489,095,000","-1,494,199,000","470,662,000","673,996,000","657,949,000","616,885,000","587,801,000","603,181,000","586,608,000","463,270,000","450,550,000","427,229,000","441,126,000","433,963,000","383,478,000","409,698,000","441,154,000","491,442,000","438,983,000","394,918,000","318,222,000","366,151,000","305,389,000","316,597,000","327,420,000","384,932,000","232,821,000","277,067,000","320,036,000","331,733,000","504,443,000","344,091,000","419,601,000","299,000,000","257,700,000","156,000,000","158,800,000","88,100,000","78,500,000","62,300,000","53,300,000","51,100,000","48,500,000","37,100,000","32,200,000","25,100,000",,,,
	OperatingRevenue,"2,838,000,000","707,000,000","679,000,000","767,000,000","685,000,000","755,000,000","735,000,000","720,000,000","710,000,000","708,000,000","637,000,000","599,000,000","577,000,000","553,000,000","509,000,000","486,000,000","474,000,000","472,000,000","454,000,000","73,000,000","445,000,000","456,000,000","461,000,000","440,000,000","438,000,000","475,000,000","447,099,000","416,802,000","439,931,000","419,865,000","603,512,000","444,573,000","457,677,000","447,817,000","477,775,000","510,471,000","520,503,000","542,757,000","527,508,000","496,723,000","546,159,000","545,155,000","544,852,000","594,556,000","650,577,000","497,343,000","388,981,000","312,099,000","443,912,000","489,095,000","-1,494,199,000","470,662,000","673,996,000","657,949,000","616,885,000","587,801,000","603,181,000","586,608,000","463,270,000","450,550,000","427,229,000","441,126,000","433,963,000","383,478,000","409,698,000","441,154,000","491,442,000","438,983,000","394,918,000","318,222,000","366,151,000","305,389,000","316,597,000","327,420,000","384,932,000","232,821,000","277,067,000","320,036,000","331,733,000","504,443,000","344,091,000","419,601,000","299,000,000","257,700,000","156,000,000","158,800,000","88,100,000","78,500,000","62,300,000","53,300,000","51,100,000","48,500,000","37,100,000","32,200,000","25,100,000",,,,
PretaxIncome,"1,183,000,000","256,000,000","252,000,000","380,000,000","295,000,000","392,000,000","365,000,000","374,000,000","345,000,000","334,000,000","299,000,000","223,000,000","317,000,000","225,000,000","205,000,000","225,000,000","214,000,000","194,000,000","157,000,000","-246,000,000","117,000,000","63,000,000","71,000,000","125,000,000","112,000,000","144,000,000","105,423,000","79,930,000","-47,781,000","57,367,000","-221,195,000","-36,303,000","60,540,000","65,994,000","818,000","22,940,000","82,608,000","78,964,000","-25,015,000","35,544,000","52,259,000","-65,929,000","-128,530,000","-1,151,349,000","-211,496,000","-344,056,000","-445,342,000","-501,591,000","-182,411,000","-146,842,000","-2,584,506,000","-96,513,000","240,957,000","262,358,000","248,689,000","216,657,000","241,772,000","221,679,000","188,000,000","165,874,000","162,280,000","144,083,000","122,619,000","118,301,000","132,800,000","137,578,000","173,732,000","86,270,000","18,005,000","37,408,000","60,289,000","38,221,000","59,766,000","34,109,000","13,088,000","-278,454,000","-24,961,000","-20,408,000","3,341,000","128,652,000","13,578,000","-32,112,000","-7,200,000","-38,200,000","-39,200,000","9,200,000","-22,800,000","-29,100,000","10,200,000","9,400,000","7,800,000","9,200,000","5,200,000","5,100,000","3,900,000",,,,
TaxProvision,"337,000,000","75,000,000","80,000,000","106,000,000","76,000,000","102,000,000","95,000,000","89,000,000","95,000,000","87,000,000","170,000,000","76,000,000","124,000,000","80,000,000","78,000,000","86,000,000","81,000,000","41,000,000","68,000,000","-93,000,000","-175,000,000","23,000,000","30,000,000","39,000,000","43,000,000","47,000,000","47,560,000","32,502,000","6,622,000","22,243,000","-35,136,000","-7,678,000","21,030,000","3,403,000","7,164,000","-47,756,000","35,490,000","33,731,000","-900,000","27,140,000","17,183,000","-18,092,000","-38,376,000","-319,663,000","-68,259,000","-111,371,000","-169,117,000","-180,802,000","-62,968,000","-55,649,000","-872,661,000","-38,065,000","81,828,000","92,948,000","71,779,000","66,429,000","85,080,000","78,695,000","60,351,000","57,263,000","54,019,000","52,089,000","32,716,000","38,464,000","41,195,000","49,103,000","66,277,000","24,867,000","5,318,000","15,926,000","26,751,000","17,543,000","26,076,000","14,751,000","5,434,000","-19,471,000","-12,655,000","-13,242,000","1,905,000","87,210,000","7,888,000","-8,923,000","-2,000,000","-15,900,000","-15,000,000","3,400,000","-9,600,000","-10,800,000","3,600,000","3,300,000","2,900,000","3,700,000","2,100,000","2,000,000","1,600,000",,,,
EarningsFromEquityInterestNetOfTax,,,,,,,,,,,,,,,,,,,,,,,,,,,,,,,,,,,,,,,"-2,335,000","-932,000","733,000","1,794,000","-1,644,000","-3,404,000","-439,000","-3,129,000",,,,,,,,,,,,,,,,,,,,,,,,,,,,,,,,,,,,,,,,,,,,,,,,,,,,,
NetIncomeCommonStockholders,"806,000,000","161,000,000","172,000,000","254,000,000","219,000,000","270,000,000","270,000,000","261,000,000","250,000,000","235,000,000","129,000,000","135,000,000","193,000,000","132,000,000","127,000,000","139,000,000","133,000,000","153,000,000","89,000,000","-153,000,000","292,000,000","40,000,000","41,000,000","86,000,000","69,000,000","97,000,000","57,863,000","47,428,000","-54,403,000","35,124,000","-186,059,000","-28,625,000","39,510,000","62,591,000","-6,346,000","70,696,000","47,118,000","45,233,000","-24,115,000","8,404,000","35,076,000","-47,837,000","-90,154,000","-831,686,000","-143,237,000","-232,685,000","-275,563,000","-50,475,000","-94,559,000","-91,193,000","-1,711,845,000","-58,448,000","159,129,000","169,410,000","176,655,000","153,249,000","156,484,000","142,471,000","127,714,000","107,491,000","101,567,000","91,994,000","89,829,000","79,274,000","122,905,000","88,475,000","107,455,000","61,403,000","12,687,000","21,482,000","36,108,000","20,678,000","32,790,000","-275,981,000","21,603,000","-243,737,000","-10,195,000","-9,203,000","1,353,000","41,442,000","5,690,000","-23,189,000","-5,200,000","-22,300,000","-24,200,000","5,800,000","-13,200,000","-18,300,000","6,600,000","6,100,000","4,900,000","5,500,000","3,100,000","3,100,000","2,300,000","400,000","-2,400,000","200,000","900,000"
	NetIncome,"846,000,000","181,000,000","172,000,000","274,000,000","219,000,000","290,000,000","270,000,000","285,000,000","250,000,000","247,000,000","129,000,000","147,000,000","193,000,000","145,000,000","127,000,000","139,000,000","133,000,000","153,000,000","89,000,000","-153,000,000","292,000,000","40,000,000","41,000,000","86,000,000","69,000,000","97,000,000","57,863,000","47,428,000","-54,403,000","35,124,000","-186,059,000","-28,625,000","39,510,000","62,591,000","-6,346,000","70,696,000","47,118,000","45,233,000","-24,115,000","8,404,000","35,076,000","-47,837,000","-90,154,000","-831,686,000","-143,237,000","-232,685,000","-275,563,000","-50,475,000","-94,559,000","-91,193,000","-1,711,845,000","-58,448,000","159,129,000","169,410,000","176,655,000","153,249,000","156,484,000","142,471,000","127,714,000","107,491,000","101,567,000","91,994,000","89,829,000","79,274,000","122,905,000","88,475,000","107,455,000","61,403,000","12,687,000","21,482,000","36,108,000","20,678,000","32,790,000","-275,981,000","21,603,000","-243,737,000","-10,195,000","-9,203,000","1,353,000","41,442,000","5,690,000","-23,189,000","-5,200,000","-22,300,000","-24,200,000","5,800,000","-13,200,000","-18,300,000","6,600,000","6,100,000","4,900,000","5,500,000","3,100,000","3,100,000","2,300,000","400,000","-2,400,000","200,000","900,000"
		NetIncomeIncludingNoncontrollingInterests,"846,000,000","181,000,000","172,000,000","274,000,000","219,000,000","290,000,000","270,000,000","285,000,000","250,000,000","247,000,000","129,000,000","147,000,000","193,000,000","145,000,000","127,000,000","139,000,000","133,000,000","153,000,000","89,000,000","-153,000,000","292,000,000","40,000,000","41,000,000","86,000,000","69,000,000","97,000,000","57,863,000","47,428,000","-54,403,000","35,124,000","-186,059,000","-28,625,000","39,510,000","62,591,000","-6,346,000","70,696,000","47,118,000","45,233,000","-24,115,000","8,404,000","35,076,000","-47,837,000","-90,154,000","-831,686,000","-143,237,000","-232,685,000","-275,563,000","-50,475,000","-94,559,000","-91,193,000","-1,711,845,000","-58,448,000","159,129,000","169,410,000","176,655,000","153,249,000","156,484,000","142,471,000","127,723,000","107,491,000","101,573,000","92,044,000","89,846,000","79,321,000","122,994,000","89,215,000","107,483,000","61,446,000","7,047,000","21,990,000","36,516,000","21,452,000","32,970,000","-275,788,000","22,099,000","-243,438,000","-10,545,000","-9,168,000","1,241,000","40,943,000","5,105,000","-22,781,000","-5,200,000","-22,300,000","-24,200,000","5,800,000","-13,200,000","-18,300,000","6,600,000","6,100,000","4,900,000","5,500,000","3,100,000","3,100,000","2,300,000","400,000","-2,400,000","200,000","900,000"
			NetIncomeContinuousOperations,"846,000,000","181,000,000","172,000,000","274,000,000","219,000,000","290,000,000","270,000,000","285,000,000","250,000,000","247,000,000","129,000,000","147,000,000","193,000,000","145,000,000","127,000,000","139,000,000","133,000,000","153,000,000","89,000,000","-153,000,000","292,000,000","40,000,000","41,000,000","86,000,000","69,000,000","97,000,000","57,863,000","47,428,000","-54,403,000","35,124,000","-186,059,000","-28,625,000","39,510,000","62,591,000","-6,346,000","70,696,000","47,118,000","45,233,000","-24,115,000","8,404,000","35,076,000","-47,837,000","-90,154,000","-831,686,000","-143,237,000","-232,685,000","-276,225,000","-320,789,000","-119,443,000","-91,193,000","-1,711,845,000","-58,448,000","159,129,000","169,410,000","176,910,000","150,228,000","156,692,000","142,984,000","127,649,000","108,611,000","108,261,000","91,994,000","89,903,000","79,837,000","91,605,000","88,475,000","107,455,000","61,403,000","12,687,000","21,482,000","33,538,000","20,678,000","33,690,000","19,358,000","7,654,000","-258,983,000","-12,306,000","-7,166,000","1,436,000","41,442,000","5,690,000","-23,189,000","-5,200,000","-22,300,000","-24,200,000","5,800,000","-13,200,000","-18,300,000","6,600,000","6,100,000","4,900,000","5,500,000","3,100,000","3,100,000","2,300,000","400,000","-2,400,000","200,000","900,000"
			NetIncomeDiscontinuousOperations,,,,,,,,,,,,,,,,,,,,,,,,,,,,,,,,,,,,,,,,,,,"0","0","0","0","662,000","270,314,000","24,884,000",,,,,,"-255,000","3,021,000","-208,000","-513,000","1,711,000","-2,766,000","-6,694,000",,"-74,000","-563,000","31,300,000",,,,,,,,,,,,,,,,,,,,,,,,,,,,,,,,,,
			NetIncomeExtraordinary,,,,,,,,,,,,,,,,,,,,,,,,,,,,,,,,,,,,,,,,,,,,,,,,,,,,,,,,,,,,"1,646,000",,,,,,,,,,,"5,744,000",,,"-299,413,000",,,,,,,,,,,,,,,,,,,,,,,,,
			NetIncomeFromTaxLossCarryforward,,,,,,,,,,,,,,,,,,,,,,,,,,,,,,,,,,,,,,,,,,,,,,,,,,,,,,,,,,,,,,,,,,,,,,,,,"-900,000","4,074,000","13,949,000","15,246,000","2,111,000","-2,037,000","-83,000",,,,,,,,,,,,,,,,,,,,
		MinorityInterests,,,,,,,,,,,,,,,,,,,,,,,,,,,,,,,,,,,,,,,,,,,,,,,,,,,,,,,,,,,"-9,000",,"-6,000","-50,000","-17,000","-47,000","-89,000","-740,000","-28,000","-43,000","5,640,000","-508,000","-408,000","-774,000","-180,000","-193,000","-496,000","-299,000","350,000","-35,000","112,000","499,000","585,000","-408,000",,,,,,,,,,,,,,,,,
	PreferredStockDividends,"40,000,000","20,000,000","0","20,000,000",,"20,000,000","0","24,000,000",,"12,000,000","0","12,000,000",,"13,000,000",,,,,,,,,,,,,,,,,,,,,,,,,,,,,,,,,,,,,,,,,,,,,,,,,,,,,,,,,,,,,,,,,,,,,,,,,,,,,,,,,,,,,
DilutedNIAvailtoComStockholders,"806,000,000","161,000,000","172,000,000","254,000,000","219,000,000","270,000,000","270,000,000","261,000,000","250,000,000","235,000,000","129,000,000","135,000,000","193,000,000","132,000,000","127,000,000","139,000,000","133,000,000","153,000,000","89,000,000","-153,000,000","292,000,000","40,000,000","41,000,000","86,000,000","69,000,000","97,000,000","57,863,000","47,428,000","-54,403,000","35,124,000","-186,059,000","-28,625,000","39,510,000","62,591,000","-6,346,000","70,696,000","47,118,000","45,233,000","-24,115,000","8,404,000","35,076,000","-47,837,000","-90,154,000","-831,686,000","-143,237,000","-232,685,000","-275,563,000","-50,475,000","-94,559,000","-91,193,000","-1,711,845,000","-58,448,000","159,129,000","169,410,000","176,655,000","153,249,000","156,484,000","142,471,000","127,714,000","107,491,000","101,567,000","91,994,000","89,829,000","79,274,000","122,905,000","88,475,000","107,455,000","61,403,000","12,687,000","21,482,000","36,108,000","20,678,000","32,790,000","-275,981,000","21,603,000","-243,737,000","-10,195,000","-9,203,000","1,353,000","41,442,000","5,690,000","-23,189,000","-5,200,000","-22,300,000","-24,200,000","5,800,000","-13,200,000","-18,300,000","6,600,000","6,100,000","4,900,000","5,500,000","3,100,000","3,100,000","2,300,000","400,000","-2,400,000","200,000","900,000"
BasicEPS,,"0.73","0.76","1.08","0.9","1.1","1.07","1.01","0.95","0.88","0.48","0.49","0.7","0.48","0.46","0.51","0.48","0.54","0.31","-0.53","1.01","0.14","0.14","0.3","0.24","0.34","0.2","0.17","-0.19","0.12","-0.65","-0.1","0.14","0.22",,"0.25","0.18","0.2",,"0.04","0.17","-0.2",,"-6.6","-2.2","-4.1",,"-0.9","-1.9","-2",,"-1.4","3.8","4",,"3.6","3.7","3.4",,"2.9","2.8","2.5",,"2.1","3.4","2.4",,"1.7","0.4","0.6",,"0.6","0.9","-8",,"-7.2","-0.3","-0.3","0.043",,"0.2","-0.8","-0.2",,"-1","0.3","-0.6",,"0.5","0.4","0.4",,"0.3","0.3","0.2",,"-0.2","0.1","0.1"
DilutedEPS,,"0.72","0.76","1.08","0.9","1.09","1.06","1","0.95","0.88","0.48","0.49","0.7","0.48","0.46","0.51","0.48","0.53","0.3","-0.53","0.99","0.14","0.14","0.29","0.24","0.33","0.2","0.16","-0.19","0.12","-0.65","-0.1","0.14","0.22",,"0.24","0.16","0.16",,"0.03","0.12","-0.2",,"-6.6","-2.2","-4.1",,"-0.9","-1.9","-2",,"-1.4","3.7","3.9",,"3.5","3.6","3.3",,"2.8","2.7","2.4",,"2.1","3.1","2.3",,"1.7","0.3","0.6",,"0.6","0.9","-8",,"-7.2","-0.3","-0.3","0.042",,"0.2","-0.8","-0.2",,"-1","0.3","-0.6",,"0.4","0.4","0.3",,"0.3","0.3","0.2",,"-0.2","0.1","0.1"
BasicAverageShares,,"222,295,000","224,712,000","235,829,000","243,007,000","246,252,000","252,610,000","259,498,000","263,809,000","266,558,000","269,111,000","273,441,000","275,410,000","274,876,000","274,585,000","274,362,000","277,013,000","285,274,000","292,713,000","290,480,000","290,086,000","289,741,000","289,209,000","288,843,000","288,705,000","288,051,000","287,316,000","287,111,000","286,903,000","286,626,000","286,016,000","285,850,000","285,645,000","285,478,000",,"283,807,000","269,119,000","230,301,000",,"220,415,000","211,642,000","192,195,100",,"126,849,400","66,206,800","56,783,300",,"53,652,100","49,271,200","46,085,700",,"42,096,400","42,330,800","42,378,600",,"42,373,600","42,192,900","41,467,900",,"36,734,200","36,518,000","36,613,000",,"36,910,300","36,507,200","36,504,500",,"35,943,200","35,623,700","35,456,300",,"35,964,000","35,676,000","34,695,000",,"33,646,900","32,155,000","31,724,200","31,141,300",,"29,401,500","28,500,400","24,716,300",,"24,200,000","19,333,333","22,000,000",,"13,200,000","15,250,000","12,250,000",,"10,333,333","10,333,333","11,500,000",,"12,000,000","2,000,000","9,000,000"
DilutedAverageShares,,"222,742,000","225,211,000","236,313,000","243,465,000","246,934,000","253,463,000","260,661,000","264,929,000","267,699,000","270,347,000","274,594,000","276,272,000","276,277,000","275,840,000","275,472,000","277,978,000","286,680,000","294,947,000","290,480,000","294,936,000","294,722,000","294,364,000","294,119,000","293,826,000","293,819,000","293,149,000","292,630,000","286,903,000","291,696,000","286,016,000","285,850,000","290,044,000","290,017,000",,"289,706,000","289,643,000","289,677,000",,"289,271,000","289,150,000","192,195,100",,"126,849,400","66,206,800","56,783,300",,"53,652,100","49,271,200","46,085,700",,"42,096,400","43,577,500","43,753,500",,"43,888,300","43,946,000","43,230,200",,"38,203,100","37,634,500","37,873,400",,"38,055,700","41,671,300","42,515,500",,"37,117,300","36,369,700","35,844,100",,"36,338,000","36,249,800","35,695,800",,"33,646,900","32,155,000","31,724,200","32,143,000",,"30,934,600","28,500,400","24,716,300",,"24,200,000","19,333,333","22,000,000",,"16,500,000","15,250,000","16,333,333",,"10,333,333","10,333,333","11,500,000",,"12,000,000","2,000,000","9,000,000"
NetIncomeFromContinuingAndDiscontinuedOperation,"846,000,000","181,000,000","172,000,000","274,000,000","219,000,000","290,000,000","270,000,000","285,000,000","250,000,000","247,000,000","129,000,000","147,000,000","193,000,000","145,000,000","127,000,000","139,000,000","133,000,000","153,000,000","89,000,000","-153,000,000","292,000,000","40,000,000","41,000,000","86,000,000","69,000,000","97,000,000","57,863,000","47,428,000","-54,403,000","35,124,000","-186,059,000","-28,625,000","39,510,000","62,591,000","-6,346,000","70,696,000","47,118,000","45,233,000","-24,115,000","8,404,000","35,076,000","-47,837,000","-90,154,000","-831,686,000","-143,237,000","-232,685,000","-275,563,000","-50,475,000","-94,559,000","-91,193,000","-1,711,845,000","-58,448,000","159,129,000","169,410,000","176,655,000","153,249,000","156,484,000","142,471,000","129,360,000","105,845,000","101,567,000","91,994,000","89,829,000","79,274,000","122,905,000","88,475,000","107,455,000","61,403,000","12,687,000","21,482,000","33,538,000","20,678,000","33,690,000","19,358,000","7,654,000","-258,983,000","-12,306,000","-7,166,000","1,436,000","41,442,000","5,690,000","-23,189,000","-5,200,000","-22,300,000","-24,200,000","5,800,000","-13,200,000","-18,300,000","6,600,000","6,100,000","4,900,000","5,500,000","3,100,000","3,100,000","2,300,000","400,000","-2,400,000","200,000","900,000"
NormalizedIncome,"873,890,109.89","192,360,000","186,333,333.333","275,442,105.263","219,000,000","290,000,000","270,739,726.027","291,080,000","251,460,000","247,000,000","130,800,000","187,920,000","195,440,000","147,560,000","131,336,585.366","154,500,000","133,620,000","154,580,000","94,400,000","-127,580,000","293,200,000","88,510,000","80,650,000","87,380,000","69,620,000","107,050,000","60,871,200","51,594,500","44,601,750","39,756,228","99,458,017.405","-26,772,019.53","43,985,711.596","65,538,735.067","-3,476,250","73,071,100","50,322,500","51,482,100","-5,383,096.542","15,069,750","41,992,668.516","-39,111,857.422","-65,441,436.956","-815,992,053.129","-120,130,369.302","-232,760,745.576","-387,167,288.96","-215,056,557.781","-109,486,742.894","-66,839,385.264","-1,511,083,039.854","-54,167,033.581","154,599,288.014","145,907,056.77","250,245,177.27","131,984,884.476","141,821,386.612","142,820,813.807","117,585,098.521","93,838,505.39","88,059,796.272","58,972,493.743","110,986,605.869","42,849,093.761","47,672,538.818","43,059,359.6","24,808,440.874","-29,069,448.545","-8,068,100.528","-18,728,800","11,238,400","-12,746,800","1,219,200","-8,813,800","11,089,600","-47,624,471.241","-3,394,200","-5,647,400","3,018,200","41,442,000","6,369,800","-5,425,353.668","-46,222,222.222","-22,300,000","-24,200,000","5,800,000","-13,200,000","-18,300,000","6,600,000","6,100,000","6,658,974.359","5,500,000","5,680,000","3,100,000","2,300,000","400,000","-2,400,000","200,000","900,000"
InterestIncome,"1,999,000,000","443,000,000","475,000,000","521,000,000","560,000,000","555,000,000","538,000,000","514,000,000","489,000,000","468,000,000","439,000,000","413,000,000","378,000,000","341,000,000","310,000,000","309,000,000","306,000,000","308,000,000","292,000,000","297,000,000","310,000,000","316,000,000","330,000,000","319,000,000","322,000,000","322,000,000","317,107,000","300,915,000","301,830,000","300,060,000","320,285,000","333,998,000","354,520,000","362,275,000","366,519,000","383,701,000","394,653,000","387,466,000","381,901,000","376,066,000","381,780,000","406,966,000","420,365,000","440,038,000","485,518,000","486,637,000","541,795,000","605,458,000","627,880,000","713,163,000","884,339,000","952,854,000","906,773,000","831,500,000","790,925,000","733,371,000","662,561,000","596,255,000","504,979,000","427,551,000","390,232,000","338,575,000","325,126,000","294,710,000","275,629,000","257,022,000","243,174,000","214,618,000","218,336,000","223,316,000","220,562,000","232,819,000","245,968,000","259,299,000","263,404,000","291,703,000","298,515,000","323,208,000","344,951,000","320,513,000","257,193,000","242,675,000","76,900,000","-12,300,000","58,500,000","44,500,000","31,000,000","29,700,000","24,100,000","21,200,000","20,700,000","16,500,000","10,100,000","7,500,000","6,200,000",,,,
InterestExpense,"239,000,000","43,000,000","60,000,000","66,000,000","70,000,000","63,000,000","56,000,000","48,000,000","36,000,000","23,000,000","20,000,000","22,000,000","22,000,000","22,000,000","22,000,000","22,000,000","20,000,000","21,000,000","7,000,000","34,000,000","43,000,000","45,000,000","47,000,000","50,000,000","52,000,000","56,000,000","59,982,000","60,068,000","59,289,000","58,731,000","-75,784,000","118,583,000","75,415,000","122,534,000","77,261,000","78,123,000","79,232,000","77,764,000","76,977,000","77,131,000","79,753,000","86,569,000","99,393,000","118,660,000","145,928,000","207,975,000","354,005,000","368,069,000","373,559,000","473,207,000","555,495,000","571,169,000","529,474,000","477,000,000","450,988,000","414,257,000","351,885,000","310,013,000","280,613,000","220,884,000","191,265,000","160,358,000","152,613,000","140,725,000","132,578,000","132,064,000","133,848,000","131,318,000","139,330,000","135,279,000","144,367,000","146,663,000","152,744,000","165,140,000","178,380,000","204,493,000","206,176,000","230,329,000","244,830,000","224,635,000","164,841,000","146,609,000","33,600,000",,"24,000,000","16,000,000","9,400,000","12,500,000","10,000,000","8,600,000","8,700,000","6,800,000","3,300,000","2,500,000","2,300,000",,,,
NetInterestIncome,"1,760,000,000","400,000,000","415,000,000","455,000,000","490,000,000","492,000,000","482,000,000","466,000,000","453,000,000","445,000,000","419,000,000","391,000,000","356,000,000","319,000,000","288,000,000","287,000,000","286,000,000","287,000,000","285,000,000","263,000,000","267,000,000","271,000,000","283,000,000","269,000,000","270,000,000","266,000,000","257,125,000","240,847,000","242,541,000","241,329,000","396,069,000","215,415,000","279,105,000","239,741,000","289,258,000","305,578,000","315,421,000","309,702,000","304,924,000","298,935,000","302,027,000","320,397,000","320,972,000","321,378,000","339,590,000","278,662,000","187,790,000","237,389,000","254,321,000","239,956,000","328,844,000","381,685,000","377,299,000","354,500,000","339,937,000","319,114,000","310,676,000","286,242,000","224,366,000","206,667,000","198,967,000","178,217,000","172,513,000","153,985,000","143,051,000","124,958,000","109,326,000","83,300,000","79,006,000","88,037,000","76,195,000","86,156,000","93,224,000","94,159,000","85,024,000","87,210,000","92,339,000","92,879,000","100,121,000","95,878,000","92,352,000","96,066,000","43,300,000","37,700,000","34,500,000","28,500,000","21,600,000","17,200,000","14,100,000","12,600,000","12,000,000","9,700,000","6,800,000","5,000,000","3,900,000",,,,
ReconciledDepreciation,"228,000,000","57,000,000","57,000,000","56,000,000","58,000,000","54,000,000","52,000,000","63,000,000","64,000,000","65,000,000","70,000,000","68,000,000","63,000,000","61,000,000","65,000,000","62,000,000","59,000,000","53,000,000","54,000,000","85,000,000","97,000,000","89,000,000","86,000,000","86,000,000","80,000,000","79,000,000","83,689,000","96,717,000","101,095,000","113,472,000","108,953,000","107,788,000","100,082,000","92,738,000","90,083,000","85,738,000","82,593,000","82,277,000","86,779,000","86,226,000","79,880,000","86,200,000","82,418,000","85,240,000","95,484,000","82,827,000","71,917,000","70,038,000","73,224,000","77,649,000","68,338,000","73,846,000","70,289,000","70,018,000","71,670,000","70,813,000","71,753,000","72,605,000","97,279,000","77,290,000","95,427,000","92,969,000","102,583,000","97,952,000","101,029,000","101,387,000","116,300,000",,,,,,,,,,,,,,,,"19,300,000","12,200,000","8,200,000","6,800,000","5,200,000","6,200,000","2,700,000","2,000,000","1,600,000","1,400,000","900,000","800,000","500,000",,,,
NetIncomeFromContinuingOperationNetMinorityInterest,"846,000,000","181,000,000","172,000,000","274,000,000","219,000,000","290,000,000","270,000,000","285,000,000","250,000,000","247,000,000","129,000,000","147,000,000","193,000,000","145,000,000","127,000,000","139,000,000","133,000,000","153,000,000","89,000,000","-153,000,000","292,000,000","40,000,000","41,000,000","86,000,000","69,000,000","97,000,000","57,863,000","47,428,000","-54,403,000","35,124,000","-186,059,000","-28,625,000","39,510,000","62,591,000","-6,346,000","70,696,000","47,118,000","45,233,000","-24,115,000","8,404,000","35,076,000","-47,837,000","-90,154,000","-831,686,000","-143,237,000","-232,685,000","-276,225,000","-320,789,000","-119,443,000","-91,193,000","-1,711,845,000","-58,448,000","159,129,000","169,410,000","176,910,000","150,228,000","156,692,000","142,984,000","127,649,000","108,611,000","108,261,000","91,994,000","89,903,000","79,837,000","91,605,000","88,475,000","107,455,000","61,403,000","12,687,000","21,482,000","33,538,000","20,678,000","33,690,000","19,358,000","7,654,000","-258,983,000","-12,306,000","-7,166,000","1,436,000","41,442,000","5,690,000","-23,189,000","-5,200,000","-22,300,000","-24,200,000","5,800,000","-13,200,000","-18,300,000","6,600,000","6,100,000","4,900,000","5,500,000","3,100,000","3,100,000","2,300,000","400,000","-2,400,000","200,000","900,000"
TotalUnusualItemsExcludingGoodwill,"-39,000,000","-16,000,000","-21,000,000","-2,000,000","0","0","-1,000,000","-8,000,000","-2,000,000",,"-3,000,000","-62,000,000","-4,000,000","-4,000,000","-7,000,000","-25,000,000","-1,000,000","-2,000,000","-9,000,000","-41,000,000","-2,000,000","-77,000,000","-61,000,000","-2,000,000","-1,000,000","-15,000,000","-4,628,000","-6,410,000","-152,315,000","-7,569,000","-339,435,000","-2,350,000","-6,858,000","-3,108,000","-4,415,000","-3,654,000","-4,930,000","-9,614,000","-19,431,000","-10,255,000","-10,305,000","-12,025,000","-35,232,000","-21,726,000","-34,118,000","112,000","178,866,000","-165,325,000","-15,205,000","-39,215,000","-303,106,000","-7,069,000","6,859,000","36,398,000","-103,090,000","26,310,000","22,945,000","253,000","14,822,000","22,561,000","30,281,000","51,719,000","-28,756,000","54,808,000","63,689,000","70,621,000","133,622,000","127,112,000","29,455,000","67,018,000","37,166,000","55,708,000","54,118,000","46,953,000","-5,726,000","-227,249,000","-14,853,000","-2,531,000","-2,637,000",,"-1,133,000","-24,599,000","56,800,000",,,,,,,,"-2,800,000","0","-4,300,000",,,,,,
TotalUnusualItems,"-39,000,000","-16,000,000","-21,000,000","-2,000,000","0","0","-1,000,000","-8,000,000","-2,000,000",,"-3,000,000","-62,000,000","-4,000,000","-4,000,000","-7,000,000","-25,000,000","-1,000,000","-2,000,000","-9,000,000","-41,000,000","-2,000,000","-77,000,000","-61,000,000","-2,000,000","-1,000,000","-15,000,000","-4,628,000","-6,410,000","-152,315,000","-7,569,000","-339,435,000","-2,350,000","-6,858,000","-3,108,000","-4,415,000","-3,654,000","-4,930,000","-9,614,000","-19,431,000","-10,255,000","-10,305,000","-12,025,000","-35,232,000","-21,726,000","-34,118,000","112,000","178,866,000","-165,325,000","-15,205,000","-39,215,000","-303,106,000","-7,069,000","6,859,000","36,398,000","-103,090,000","26,310,000","22,945,000","253,000","14,822,000","22,561,000","30,281,000","51,719,000","-28,756,000","54,808,000","63,689,000","70,621,000","133,622,000","127,112,000","29,455,000","67,018,000","37,166,000","55,708,000","54,118,000","46,953,000","-5,726,000","-227,249,000","-14,853,000","-2,531,000","-2,637,000",,"-1,133,000","-24,599,000","56,800,000",,,,,,,,"-2,800,000","0","-4,300,000",,,,,,
TaxRateForCalcs,"0.285","0.29","0.317","0.279","0.26","0.26","0.26","0.24","0.27","0.26","0.4","0.34","0.39","0.36","0.38","0.38","0.38","0.21","0.4","0.38","0.4","0.37","0.35","0.31","0.38","0.33","0.35","0.35","0.35","0.388","0.159","0.211","0.347","0.052","0.35","0.35","0.35","0.35","0.036","0.35","0.329","0.274","0.299","0.278","0.323","0.324","0.38","0.36","0.345","0.379","0.338","0.394","0.34","0.354","0.289","0.307","0.352","0.355","0.321","0.345","0.333","0.362","0.267","0.325","0.31","0.357","0.381","0.288","0.295","0.4","0.4","0.4","0.4","0.4","0.4","0.07","0.4","0.4","0.4","0.4","0.4","0.278","0.278","0.4","0.383","0.37","0.4","0.371","0.353","0.351","0.372","0.4","0.4","0.392","0.4","0.4","0.4","0.4","0.4"
TaxEffectOfUnusualItems,"-11,109,890.11","-4,640,000","-6,666,666.667","-557,894.737","0","0","-260,273.973","-1,920,000","-540,000","0","-1,200,000","-21,080,000","-1,560,000","-1,440,000","-2,663,414.634","-9,500,000","-380,000","-420,000","-3,600,000","-15,580,000","-800,000","-28,490,000","-21,350,000","-620,000","-380,000","-4,950,000","-1,619,800","-2,243,500","-53,310,250","-2,936,772","-53,917,982.595","-497,019.53","-2,382,288.404","-160,264.933","-1,545,250","-1,278,900","-1,725,500","-3,364,900","-699,096.542","-3,589,250","-3,388,331.484","-3,299,857.422","-10,519,436.956","-6,032,053.129","-11,011,369.302","36,254.424","67,923,711.04","-59,592,557.781","-5,248,742.894","-14,861,385.264","-102,344,039.854","-2,788,033.581","2,329,288.014","12,895,056.77","-29,754,822.73","8,066,884.476","8,074,386.612","89,813.807","4,758,098.521","7,788,505.39","10,079,796.272","18,697,493.743","-7,672,394.131","17,820,093.761","19,756,538.818","25,205,359.6","50,975,440.874","36,639,551.455","8,699,899.472","26,807,200","14,866,400","22,283,200","21,647,200","18,781,200","-2,290,400","-15,890,471.241","-5,941,200","-1,012,400","-1,054,800","0","-453,200","-6,835,353.668","15,777,777.778","0","0","0","0","0","0","0","-1,041,025.641","0","-1,720,000","0","0","0","0","0","0"