name,ttm,03/31/2020,12/31/2019,09/30/2019,06/30/2019,03/31/2019,12/31/2018,09/30/2018,06/30/2018,03/31/2018,12/31/2017,09/30/2017,06/30/2017,03/31/2017,12/31/2016,09/30/2016,06/30/2016,03/31/2016,12/31/2015,09/30/2015,06/30/2015,03/31/2015,12/31/2014,09/30/2014,06/30/2014,03/31/2014,12/31/2013,09/30/2013,06/30/2013,03/31/2013,12/31/2012,09/30/2012,06/30/2012,03/31/2012,12/31/2011,09/30/2011,06/30/2011,03/31/2011,12/31/2010
TotalRevenue,"3,999,000,000","899,000,000","1,104,000,000","975,000,000","1,021,000,000","864,000,000","631,759,000","538,029,000","526,273,000","480,195,000","399,194,000","301,253,000","269,434,000","235,230,000","185,012,000","142,131,000","112,483,000","87,481,000","114,323,000","111,946,000","119,063,000","101,401,000","131,583,000","139,127,000","127,004,000","98,004,000","75,908,000","57,791,000","45,394,000","28,909,000","26,606,000","16,598,000","16,030,000","16,004,507","14,171,262","10,971,000","11,454,827","12,074,812","8,311,575"
	OperatingRevenue,"3,987,000,000","897,000,000","1,102,000,000","972,000,000","1,016,000,000","861,000,000","628,612,000","534,348,000","522,920,000","478,154,000","389,937,000","300,931,000","268,851,000","233,628,000","185,012,000","142,131,000","112,483,000","87,481,000","114,323,000","111,946,000","119,063,000","101,401,000","131,583,000","139,127,000","127,004,000","98,004,000","75,908,000","57,791,000","45,394,000","28,909,000","26,606,000","16,598,000","16,030,000","16,004,507","14,171,262","10,971,000","11,454,827","12,074,812","8,311,575"
CostOfRevenue,"2,401,000,000","628,000,000","626,000,000","580,000,000","567,000,000","503,000,000","370,492,000","248,690,000","222,317,000","191,054,000","170,301,000","142,893,000","121,869,000","102,134,000","83,889,000","76,049,000","66,707,000","68,254,000","74,011,000","83,530,000","85,243,000","90,528,000","86,097,000","68,129,000","59,071,000","44,730,000","34,015,000","25,940,000","23,098,000","17,600,000","44,128,000","932,000","9,970,000","847,806","768,254","588,000","620,946","2,291,789","724,237"
GrossProfit,"1,598,000,000","271,000,000","478,000,000","395,000,000","454,000,000","361,000,000","261,267,000","289,339,000","303,956,000","289,141,000","228,893,000","158,360,000","147,565,000","133,096,000","101,123,000","66,082,000","45,776,000","19,227,000","40,312,000","28,416,000","33,820,000","10,873,000","45,486,000","70,998,000","67,933,000","53,274,000","41,893,000","31,851,000","22,296,000","11,309,000","-17,522,000","15,666,000","6,060,000","15,156,701","13,403,008","10,383,000","10,833,881","9,783,023","7,587,338"
OperatingExpense,"225,000,000","64,000,000","72,000,000","46,000,000","43,000,000","42,000,000","29,448,000","22,488,000","22,653,000","21,495,000","15,230,000","15,721,000","15,257,000","16,686,000","14,044,000","13,021,000","12,210,000","16,014,000","10,515,000","9,452,000","9,489,000","9,436,000","7,587,000","7,482,000","4,741,000","5,211,000","4,167,000","2,428,000","2,913,000","2,647,000","-19,951,000","11,624,000","1,753,000","8,558,049","8,668,147","7,571,000","6,746,694","6,428,392","7,454,364"
	SellingGeneralAndAdministration,"213,000,000","60,000,000","70,000,000","44,000,000","39,000,000","39,000,000","27,554,000","21,161,000","21,342,000","20,610,000","14,869,000","15,364,000","14,907,000","16,363,000","13,750,000","12,751,000","11,956,000","15,768,000","10,270,000","9,214,000","9,309,000","9,266,000","7,423,000","7,355,000","4,637,000","5,139,000","4,100,000","2,382,000","2,868,000","2,604,000","6,332,000","1,654,000","1,732,000","1,191,402","1,427,052","755,000","820,265","601,048","1,207,691"
		GeneralAndAdministrativeExpense,"213,000,000","60,000,000","70,000,000","44,000,000","39,000,000","39,000,000","27,554,000","21,161,000","21,342,000","20,610,000","14,869,000","15,364,000","14,907,000","16,363,000","13,750,000","12,751,000","11,956,000","15,768,000","10,270,000","9,214,000","9,309,000","9,266,000","7,423,000","7,355,000","4,637,000","5,139,000","4,100,000","2,382,000","2,868,000","2,604,000",,,"1,732,000",,,,,,
			RentAndLandingFees,,,"126,000,000","128,000,000","127,000,000","109,000,000","75,872,000","49,111,000","42,647,000","37,345,000","38,411,000","32,498,000","28,989,000","26,626,000","23,348,000","22,180,000","18,677,000","18,223,000","17,508,000","22,189,000","20,472,000","22,456,000","23,168,000","13,805,000","10,496,000","7,915,000","5,790,000","4,964,000","6,087,000","5,435,000",,,"3,529,000",,,,,,
			OtherGandA,"165,000,000","60,000,000","22,000,000","44,000,000","39,000,000","39,000,000","27,554,000","21,161,000","21,342,000","20,610,000","14,869,000","15,364,000","14,907,000","16,363,000","13,750,000","12,751,000","11,956,000","15,768,000","10,270,000","9,214,000","9,309,000","9,266,000","7,423,000","7,355,000","4,637,000","5,139,000","4,100,000","2,382,000","2,868,000","2,604,000",,,"1,732,000",,,,,,
	DepreciationAmortizationDepletionIncomeStatement,,,,,,,,,,,,,,,,,,,,,,,,,,,,,,,,"6,066,000",,"4,664,942","4,281,341","3,680,000","3,824,672","3,616,694","4,254,871"
	OtherOperatingExpenses,"12,000,000","4,000,000","2,000,000","2,000,000","4,000,000","3,000,000","1,894,000","1,327,000","1,311,000","885,000","361,000","357,000","350,000","323,000","294,000","270,000","254,000","246,000","245,000","238,000","180,000","170,000","164,000","127,000","104,000","72,000","67,000","46,000","45,000","43,000","-9,981,000","3,904,000","21,000","2,701,705","2,959,754","3,136,000","2,101,757","2,210,650","1,991,802"
OperatingIncome,"1,373,000,000","207,000,000","406,000,000","349,000,000","411,000,000","319,000,000","231,819,000","266,851,000","281,303,000","267,646,000","213,663,000","142,639,000","132,308,000","116,410,000","87,079,000","53,061,000","33,566,000","3,213,000","29,797,000","18,964,000","24,331,000","1,437,000","37,899,000","63,516,000","63,192,000","48,063,000","37,726,000","29,423,000","19,383,000","8,662,000","2,429,000","4,042,000","4,307,000","6,598,652","4,734,861","2,812,000","4,087,187","3,354,631","132,974"
NetNonOperatingInterestIncomeExpense,"-174,000,000","-48,000,000","-39,000,000","-38,000,000","-49,000,000","-46,000,000","-37,931,000","-18,548,000","-17,096,000","-13,701,000","-10,892,000","-9,192,000","-8,245,000","-12,225,000","-10,418,000","-10,234,000","-10,019,000","-10,013,000","-10,106,000","-10,633,000","-10,274,000","-10,497,000","-10,424,000","-9,846,000","-7,739,000","-6,505,000","-5,950,000","-1,088,000","-535,000","-485,000","-426,000","-1,129,000","-1,172,000","-880,159","-711,098","-716,000","-598,509","-491,556","-473,124"
	InterestIncomeNonOperating,,,,,,,,,,,,,,"-12,225,000","-10,418,000",,,,,,,,"1,000","0",,,"0","1,000","0","0","0","1,000","1,000","1,310","2,028","2,000","2,776","4,212","13,180"
	InterestExpenseNonOperating,,"48,000,000","39,000,000","38,000,000","49,000,000","46,000,000","37,931,000","18,548,000","17,096,000","13,701,000","10,892,000","9,192,000","8,245,000","12,225,000",,"10,234,000","10,019,000","10,013,000","10,106,000","10,633,000","10,274,000","10,497,000","7,304,000","9,846,000","7,739,000","6,505,000","4,932,000","1,089,000","535,000","485,000","426,000","1,130,000","1,173,000","881,469","713,126","718,000","601,285","495,768","486,304"
	TotalOtherFinanceCost,,,"39,000,000","38,000,000",,,"37,931,000","18,548,000","17,096,000",,,,,,,,,,,,,,,,,,,,,,,,,,,,,,
OtherIncomeExpense,"-1,164,000,000","-476,000,000","-963,000,000","179,000,000","96,000,000","-263,000,000","197,884,000","-46,610,000","30,350,000","-28,710,000","-97,125,000","-50,642,000","41,644,000","38,846,000","-48,397,000","-43,427,000","-180,300,000","-28,827,000","-213,013,000","-245,834,000","-342,141,000","18,869,000","128,685,000","14,949,000","-12,466,000","-4,368,000","39,000","-4,640,000","3,425,000","381,000","1,003,000","-2,477,000","10,489,000","-4,359,362","-12,981,007","-7,000","-16,067","-12,114","-1,261"
	GainOnSaleOfSecurity,"693,000,000","532,000,000","-110,000,000","177,000,000","94,000,000","-264,000,000","234,889,000","-48,572,000","-54,122,000","-31,446,000","-97,888,000","-50,645,000","33,320,000","37,701,000","-16,680,000","2,034,000","-12,125,000","1,426,000","5,117,000","27,603,000","-19,123,000","18,354,000","128,116,000","14,909,000","-11,088,000","-4,398,000","9,000","-4,910,000","3,037,000","-8,000","600,000","-3,148,000","9,957,000","-4,792,104",,"-7,000","-16,067","-12,114",
	EarningsFromEquityInterest,,,,,,,,,,,,,,,,,,,,,,,,,,,"0","0","0","0","0","0","-54,000","-12,618",,"0","0","0",
	SpecialIncomeCharges,,"-1,009,000,000","-846,000,000",,,,"-36,831,000",,,,"0","0","0","0","-33,134,000","-46,368,000","-168,352,000","-30,816,000","-217,610,000","-273,737,000","-323,451,000",,,,,,,,,,,"671,000",,"445,360","-12,973,990","0","0","0","-1,261"
		RestructuringAndMergernAcquisition,,,"0",,,,"36,831,000",,,,,,,,,,,,,,,,,,,,,,,,,,,,,,,,
		ImpairmentOfCapitalAssets,,"1,009,000,000","790,000,000",,,,,,,,"0","0","0","0","0","46,368,000","168,352,000","30,816,000","217,610,000","273,737,000","323,451,000",,,,,,,,,,,,,,,,,,
		OtherSpecialCharges,,,"56,000,000",,,,,,,,,,,,"33,134,000",,,,,,,,,,,,,,,,,"-671,000",,"-445,360",,,,,
	OtherNonOperatingIncomeExpenses,"-2,000,000","1,000,000","-7,000,000","2,000,000","2,000,000","1,000,000","-174,000","1,962,000","84,472,000","2,736,000","763,000","3,000","8,324,000","1,145,000","1,417,000","907,000","177,000","563,000","-520,000","300,000","433,000","515,000","569,000","40,000","-1,378,000","30,000","30,000","270,000","388,000","389,000",,,"586,000",,,,,,
PretaxIncome,"35,000,000","-317,000,000","-596,000,000","490,000,000","458,000,000","10,000,000","391,772,000","201,693,000","294,557,000","225,235,000","105,646,000","82,805,000","165,707,000","143,031,000","28,264,000","-600,000","-156,753,000","-35,627,000","-193,322,000","-237,503,000","-328,084,000","9,809,000","156,160,000","68,619,000","42,987,000","37,190,000","31,815,000","23,695,000","22,273,000","8,558,000","3,006,000","436,000","13,624,000","1,359,131",,"2,089,000","3,472,611","2,850,961",
TaxProvision,"163,000,000","83,000,000","-124,000,000","102,000,000","102,000,000","-33,000,000","85,612,000","42,276,000","-6,607,000","47,081,000","-23,961,000","857,000","1,579,000","1,957,000","-176,000",,"368,000","0","-6,487,000","-81,461,000","-116,732,000","3,370,000","56,243,000","23,978,000","15,163,000","13,601,000","11,691,000","9,099,000","7,802,000","3,162,000",,,"0",,,,,,
NetIncomeCommonStockholders,"-42,000,000","-272,000,000","-487,000,000","368,000,000","349,000,000","10,000,000","306,660,000","157,054,000","219,146,000","162,812,000","114,559,000","73,024,000","158,405,000","136,273,000","25,598,000","-2,230,000","-155,490,000","-32,912,000","-187,409,000","-156,781,000","-212,287,000","5,849,000","98,674,000","43,739,000","27,753,000","23,589,000","20,124,000","14,596,000","14,471,000","5,396,000","-3,547,000","436,000","13,624,000","1,359,131","-8,957,244","2,089,000","3,472,611","2,850,961","-341,411"
	NetIncome,"-42,000,000","-272,000,000","-487,000,000","368,000,000","349,000,000","10,000,000","306,660,000","157,054,000","219,146,000","162,812,000","114,559,000","73,024,000","158,405,000","136,273,000","25,598,000","-2,230,000","-155,490,000","-32,912,000","-187,409,000","-156,781,000","-212,287,000","5,849,000","98,674,000","43,739,000","27,753,000","23,589,000","20,124,000","14,596,000","14,471,000","5,396,000","-3,547,000","436,000","13,624,000","1,359,131","-8,957,244","2,089,000","3,472,611","2,850,961","-341,411"
		NetIncomeIncludingNoncontrollingInterests,"-128,000,000","-400,000,000","-472,000,000","388,000,000","356,000,000","43,000,000","306,160,000","159,417,000","301,164,000","178,154,000","129,607,000","81,948,000","164,128,000","141,074,000","28,440,000","-600,000","-157,121,000","-35,627,000","-186,835,000","-156,042,000","-211,352,000","6,439,000","99,917,000","44,641,000","27,824,000","23,589,000","20,124,000","14,596,000","14,471,000","5,396,000","-3,547,000","436,000","13,624,000","1,359,131","-8,957,244","2,089,000","3,472,611","2,850,961","-341,411"
			NetIncomeContinuousOperations,"-128,000,000","-400,000,000","-472,000,000","388,000,000","356,000,000","43,000,000","306,160,000","159,417,000","301,164,000","178,154,000","129,607,000","81,948,000","164,128,000","141,074,000","28,440,000","-600,000","-157,121,000","-35,627,000","-186,835,000","-156,042,000","-211,352,000","6,439,000","99,917,000","44,641,000","27,824,000","23,589,000","20,124,000","14,596,000","14,471,000","5,396,000","-3,547,000","436,000","13,624,000","1,359,131","-8,957,244","2,089,000","3,472,611","2,850,961","-341,411"
		MinorityInterests,"86,000,000","128,000,000","-15,000,000","-20,000,000","-7,000,000","-33,000,000","500,000","-2,363,000","-82,018,000","-15,342,000","-15,048,000","-8,924,000","-5,723,000","-4,801,000","-2,842,000","-1,630,000","1,631,000","2,715,000","-574,000","-739,000","-935,000","-590,000","-1,243,000","-902,000","-71,000",,,,,,,,,,,,,,
DilutedNIAvailtoComStockholders,"-42,000,000","-272,000,000","-487,000,000","368,000,000","349,000,000","10,000,000","306,660,000","157,054,000","219,146,000","162,812,000","114,559,000","73,024,000","158,405,000","136,273,000","25,598,000","-2,230,000","-155,490,000","-32,912,000","-187,409,000","-156,781,000","-212,287,000","5,849,000","98,674,000","43,739,000","27,753,000","23,589,000","20,124,000","14,596,000","14,471,000","5,396,000","-3,547,000","436,000","13,624,000","1,359,131","-8,957,244","2,089,000","3,472,611","2,850,961","-341,411"
BasicEPS,,"-1.72","-3.04","2.27","2.12","0.06","2.5","1.59","2.22","1.65","1.17","0.74","1.61","1.46","0.32","-0.03","-2.17","-0.46","-2.8","-2.4","-3.45","0.1","1.74","0.79","0.55","0.49","0.43","0.33","0.37","0.15",,"0.012","0.603","0.06",,"0.092",,"0.126",
DilutedEPS,,"-1.72","-3.04","2.26","2.11","0.06","2.5","1.59","2.22","1.65","1.16","0.74","1.61","1.46","0.32","-0.03","-2.17","-0.46","-2.8","-2.4","-3.45","0.1","1.73","0.79","0.54","0.48","0.42","0.33","0.36","0.15",,"0.012","0.603","0.06",,"0.092",,"0.126",
BasicAverageShares,,"158,291,000","159,998,000","162,543,000","164,839,000","164,852,000","122,510,000","98,638,000","98,614,000","98,555,000","98,169,000","98,144,000","98,142,000","93,161,000","80,315,000","77,167,000","71,719,000","71,026,000","66,850,000","65,251,000","61,469,000","58,386,000","56,787,000","55,152,000","50,777,000","48,446,609","47,076,306","44,385,107","39,402,282","37,059,071",,"35,111,532","22,611,532","22,611,532",,"22,611,532",,"22,611,532",
DilutedAverageShares,,"158,494,000","160,154,000","162,780,000","165,019,000","165,061,000","122,739,000","98,818,000","98,797,000","98,769,000","98,368,000","98,369,000","98,354,000","93,364,000","80,510,000","77,167,000","71,719,000","71,026,000","66,850,000","65,251,000","61,469,000","58,626,000","57,045,000","55,442,000","51,142,000","48,866,719","47,411,602","44,697,609","39,718,574","37,205,690",,"35,111,532","22,611,532","22,611,532",,"22,611,532",,"22,611,532",
TotalOperatingIncomeAsReported,"-426,000,000","-802,000,000","-384,000,000","349,000,000","411,000,000","319,000,000","194,988,000","266,851,000","281,303,000","267,646,000","213,663,000","142,639,000","132,308,000","116,410,000","87,079,000","6,693,000","-134,786,000","-27,603,000","-187,813,000","-254,773,000","-299,120,000","1,437,000","37,899,000","63,516,000","63,192,000","48,063,000","37,726,000","29,423,000","19,383,000","8,662,000","2,429,000","4,042,000","4,307,000","6,598,652","4,734,861","2,812,000","4,087,187","3,354,631","132,974"
RentExpenseSupplemental,,,"126,000,000","128,000,000","127,000,000","109,000,000","75,872,000","49,111,000","42,647,000","37,345,000","38,411,000","32,498,000","28,989,000","26,626,000","23,348,000","22,180,000","18,677,000","18,223,000","17,508,000","22,189,000","20,472,000","22,456,000","23,168,000","13,805,000","10,496,000","7,915,000","5,790,000","4,964,000","6,087,000","5,435,000",,,"3,529,000",,,,,,
TotalExpenses,"2,626,000,000","692,000,000","698,000,000","626,000,000","610,000,000","545,000,000","399,940,000","271,178,000","244,970,000","212,549,000","185,531,000","158,614,000","137,126,000","118,820,000","97,933,000","89,070,000","78,917,000","84,268,000","84,526,000","92,982,000","94,732,000","99,964,000","93,684,000","75,611,000","63,812,000","49,941,000","38,182,000","28,368,000","26,011,000","20,247,000","24,177,000","12,556,000","11,723,000","9,405,855","9,436,401","8,159,000","7,367,640","8,720,181","8,178,601"
NetIncomeFromContinuingAndDiscontinuedOperation,"-42,000,000","-272,000,000","-487,000,000","368,000,000","349,000,000","10,000,000","306,660,000","157,054,000","219,146,000","162,812,000","114,559,000","73,024,000","158,405,000","136,273,000","25,598,000","-2,230,000","-155,490,000","-32,912,000","-187,409,000","-156,781,000","-212,287,000","5,849,000","98,674,000","43,739,000","27,753,000","23,589,000","20,124,000","14,596,000","14,471,000","5,396,000","-3,547,000","436,000","13,624,000","1,359,131","-8,957,244","2,089,000","3,472,611","2,850,961","-341,411"
NormalizedIncome,"-457,800,000","14,200,000","-399,885,906.04","227,816,000","275,962,000","202,720,000","123,100,132.934","195,445,032.53","258,655,060","187,685,786","173,291,800","123,144,843.669","125,402,501.856","99,099,814","55,486,400","42,104,000","-47,203,800","-3,522,000","17,953,709.133","4,929,038","8,330,656","-6,191,224","16,700,598.54","34,033,241","34,926,936","26,377,332","20,118,307.214","17,620,535.134","12,497,829.48","5,401,044.169","-3,937,000","2,046,050","3,667,000","4,184,514.6","-524,150.5","2,093,550","3,483,054.55","2,858,835.1","-340,591.35"
InterestIncome,,,,,,,,,,,,,,"-12,225,000","-10,418,000",,,,,,,,"1,000","0",,,"0","1,000","0","0","0","1,000","1,000","1,310","2,028","2,000","2,776","4,212","13,180"
InterestExpense,,"48,000,000","39,000,000","38,000,000","49,000,000","46,000,000","37,931,000","18,548,000","17,096,000","13,701,000","10,892,000","9,192,000","8,245,000","12,225,000",,"10,234,000","10,019,000","10,013,000","10,106,000","10,633,000","10,274,000","10,497,000","7,304,000","9,846,000","7,739,000","6,505,000","4,932,000","1,089,000","535,000","485,000","426,000","1,130,000","1,173,000","881,469","713,126","718,000","601,285","495,768","486,304"
NetInterestIncome,"-174,000,000","-48,000,000","-39,000,000","-38,000,000","-49,000,000","-46,000,000","-37,931,000","-18,548,000","-17,096,000","-13,701,000","-10,892,000","-9,192,000","-8,245,000","-12,225,000","-10,418,000","-10,234,000","-10,019,000","-10,013,000","-10,106,000","-10,633,000","-10,274,000","-10,497,000","-10,424,000","-9,846,000","-7,739,000","-6,505,000","-5,950,000","-1,088,000","-535,000","-485,000","-426,000","-1,129,000","-1,172,000","-880,159","-711,098","-716,000","-598,509","-491,556","-473,124"
EBIT,"1,160,000,000","-269,000,000","406,000,000","349,000,000","507,000,000","56,000,000","276,789,000","220,241,000","311,653,000","238,936,000","116,538,000","91,997,000","173,952,000","155,256,000","339,633,000","9,634,000","-146,734,000","-25,614,000","-183,216,000","-226,870,000","-317,810,000","20,306,000","163,464,000","78,465,000","50,726,000","43,695,000","36,747,000","24,784,000","22,808,000","9,043,000","3,432,000","1,566,000","14,797,000","2,240,600","4,734,861","2,807,000","4,073,896","3,346,729","132,974"
EBITDA,"2,692,000,000"
ReconciledCostOfRevenue,"2,401,000,000","628,000,000","626,000,000","580,000,000","567,000,000","503,000,000","370,492,000","248,690,000","222,317,000","191,054,000","170,301,000","142,893,000","121,869,000","102,134,000","83,889,000","76,049,000","66,707,000","68,254,000","74,011,000","83,530,000","85,243,000","90,528,000","86,097,000","68,129,000","59,071,000","44,730,000","34,015,000","25,940,000","23,098,000","17,600,000","44,128,000","931,730","9,970,000","847,806","768,254","587,881","620,946","1,789,300","724,237"
ReconciledDepreciation,"1,532,000,000","407,000,000","401,000,000","365,000,000","359,000,000","322,000,000","231,638,000","146,318,000","129,867,000","115,216,000","105,078,000","87,579,000","75,173,000","58,929,000","51,329,000","44,746,000","39,871,000","42,069,000","48,549,000","52,375,000","57,096,000","59,677,000","53,641,000","45,370,000","40,021,000","30,973,000","23,621,000","17,423,000","14,815,000","10,738,000","9,971,000","6,066,270","5,570,788","4,664,942","4,281,341","3,680,119","3,824,672","4,119,183","4,254,871"
NetIncomeFromContinuingOperationNetMinorityInterest,"-42,000,000","-272,000,000","-487,000,000","368,000,000","349,000,000","10,000,000","306,660,000","157,054,000","219,146,000","162,812,000","114,559,000","73,024,000","158,405,000","136,273,000","25,598,000","-2,230,000","-155,490,000","-32,912,000","-187,409,000","-156,781,000","-212,287,000","5,849,000","98,674,000","43,739,000","27,753,000","23,589,000","20,124,000","14,596,000","14,471,000","5,396,000","-3,547,000","436,000","13,624,000","1,359,131","-8,957,244","2,089,000","3,472,611","2,850,961","-341,411"
TotalUnusualItemsExcludingGoodwill,"693,000,000","-477,000,000","-110,000,000","177,000,000","94,000,000","-264,000,000","234,889,000","-48,572,000","-54,122,000","-31,446,000","-97,888,000","-50,645,000","33,320,000","37,701,000","-49,814,000","-44,334,000","-180,477,000","-29,390,000","-212,493,000","-246,134,000","-342,574,000","18,354,000","128,116,000","14,909,000","-11,088,000","-4,398,000","9,000","-4,910,000","3,037,000","-8,000","600,000","-2,477,000","9,957,000","-4,346,744","-12,973,990","-7,000","-16,067","-12,114","-1,261"
TotalUnusualItems,"693,000,000","-477,000,000","-110,000,000","177,000,000","94,000,000","-264,000,000","234,889,000","-48,572,000","-54,122,000","-31,446,000","-97,888,000","-50,645,000","33,320,000","37,701,000","-49,814,000","-44,334,000","-180,477,000","-29,390,000","-212,493,000","-246,134,000","-342,574,000","18,354,000","128,116,000","14,909,000","-11,088,000","-4,398,000","9,000","-4,910,000","3,037,000","-8,000","600,000","-2,477,000","9,957,000","-4,346,744","-12,973,990","-7,000","-16,067","-12,114","-1,261"
NormalizedEBITDA,"1,999,000,000","615,000,000","917,000,000","537,000,000","772,000,000","642,000,000","273,538,000","415,131,000","495,642,000","385,598,000","319,504,000","230,221,000","215,805,000","176,484,000","440,776,000","98,714,000","73,614,000","45,845,000","77,826,000","71,639,000","81,860,000","61,629,000","88,989,000","108,926,000","101,835,000","79,066,000","60,359,000","47,117,000","34,586,000","19,789,000","12,803,000","10,109,270","10,410,788","11,252,286","21,990,192","6,494,119","7,914,635","7,478,026","4,389,106"
TaxRateForCalcs,"0.4","0.4","0.208","0.208","0.223","0.27","0.219","0.21","0.27","0.209","0.4","0.01","0.01","0.014","0.4","0","0.4","0","0.034","0.343","0.356","0.344","0.36","0.349","0.353","0.366","0.367","0.384","0.35","0.369","0.35","0.35","0","0.35","0.35","0.35","0.35","0.35","0.35"
TaxEffectOfUnusualItems,"277,200,000","-190,800,000","-22,885,906.04","36,816,000","20,962,000","-71,280,000","51,329,132.934","-10,180,967.47","-14,612,940","-6,572,214","-39,155,200","-524,156.331","317,501.856","527,814","-19,925,600","0","-72,190,800","0","-7,130,290.867","-84,423,962","-121,956,344","6,313,776","46,142,598.54","5,203,241","-3,914,064","-1,609,668","3,307.214","-1,885,464.866","1,063,829.48","-2,955.831","210,000","-866,950","0","-1,521,360.4","-4,540,896.5","-2,450","-5,623.45","-4,239.9","-441.35"