name,ttm,03/31/2020,12/31/2019,09/30/2019,06/30/2019,03/31/2019,12/31/2018,09/30/2018,06/30/2018,03/31/2018,12/31/2017,09/30/2017,06/30/2017,03/31/2017,12/31/2016,09/30/2016,06/30/2016,03/31/2016,12/31/2015,09/30/2015,06/30/2015,03/31/2015,12/31/2014,09/30/2014,06/30/2014,03/31/2014,12/31/2013,09/30/2013,06/30/2013,03/31/2013,12/31/2012,09/30/2012,06/30/2012,03/31/2012,12/31/2011,09/30/2011,06/30/2011,03/31/2011,12/31/2010,09/30/2010,06/30/2010,03/31/2010,12/31/2009,09/30/2009,06/30/2009,03/31/2009,12/31/2008,09/30/2008,06/30/2008,03/31/2008,12/31/2007,09/30/2007,06/30/2007,03/31/2007,12/31/2006,09/30/2006,06/30/2006,03/31/2006,12/31/2005,09/30/2005,06/30/2005,03/31/2005,12/31/2004,09/30/2004,06/30/2004,03/31/2004,12/31/2003,09/30/2003,06/30/2003,03/31/2003,12/31/2002,09/30/2002,06/30/2002,03/31/2002,12/31/2001,09/30/2001,06/30/2001,03/31/2001,12/31/2000,09/30/2000,06/30/2000,03/31/2000,12/31/1999,09/30/1999,06/30/1999,03/31/1999,12/31/1998,09/30/1998,06/30/1998,03/31/1998,12/31/1997,09/30/1997,06/30/1997,03/31/1997,12/31/1996,09/30/1996,06/30/1996,03/31/1996,12/31/1995,09/30/1995,06/30/1995,03/31/1995,12/31/1994,09/30/1994,06/30/1994,03/31/1994,12/31/1993,09/30/1993,06/30/1993,03/31/1993,12/31/1992,09/30/1992,06/30/1992,03/31/1992,12/31/1991,09/30/1991,06/30/1991,03/31/1991
TotalRevenue,"104,273,000,000","20,567,000,000","29,643,000,000","27,322,000,000","26,741,000,000","24,481,000,000","29,474,000,000","27,594,000,000","28,993,000,000","27,027,000,000","28,876,000,000","26,414,000,000","27,925,000,000","27,719,000,000","29,719,000,000","26,836,000,000","27,893,000,000","26,570,000,000","27,503,000,000","27,468,000,000","29,228,000,000","26,396,000,000","27,084,000,000","23,553,000,000","23,328,000,000","22,125,000,000","24,001,000,000","20,733,000,000","22,325,000,000","19,757,000,000","21,775,000,000","20,437,000,000","21,524,000,000","20,221,000,000","19,644,000,000","17,552,000,000","13,153,000,000","9,210,000,000","-5,361,000,000","13,479,000,000","14,836,000,000","12,926,000,000","13,601,000,000","12,049,000,000","13,184,000,000","11,268,000,000","13,092,000,000","14,296,000,000","16,967,000,000","15,025,000,000","15,816,000,000","13,858,000,000","15,178,029,650","13,671,699,840","13,898,029,680","11,796,549,160","13,618,022,600","12,550,052,120","10,701,424,820","11,623,360,960","11,612,575,800","11,631,621,540","11,626,797,000","11,620,401,000","11,609,754,240","11,607,549,660","10,309,788,850","12,272,402,100","13,050,555,760","12,279,909,250","10,305,908,380","16,665,345,620","14,142,730,000","14,153,092,800","12,629,673,500","15,056,053,200","16,019,409,000","14,732,844,300","7,853,464,560","15,608,230,880","15,808,038,980","15,783,435,500","13,636,549,590","10,784,713,680","12,401,479,870","12,422,993,302","14,148,896,994","12,012,950,488","11,978,821,525","11,908,697,856","10,398,440,052","12,739,776,504","12,539,613,918","12,177,428,406","10,341,005,300","10,210,113,470","10,229,745,852","10,146,754,419","10,565,941,833","9,835,875,920","9,658,349,728","9,705,107,712","8,967,343,314","8,711,649,480","8,988,112,415","9,311,710,720","9,565,929,129","6,766,726,500","6,865,404,615","6,624,553,680","11,678,869,917","7,294,084,941","7,550,999,599","8,145,431,580","6,811,967,477","9,989,220,045","10,880,637,784","10,213,582,124"
	OperatingRevenue,"104,273,000,000","20,567,000,000","29,643,000,000","27,322,000,000","26,741,000,000","24,481,000,000","29,474,000,000","27,594,000,000","28,993,000,000","27,027,000,000","28,876,000,000","26,414,000,000","27,925,000,000","27,719,000,000","29,719,000,000","26,836,000,000","27,893,000,000","26,570,000,000","27,503,000,000","27,468,000,000","29,228,000,000","26,396,000,000","26,986,000,000","23,521,000,000","23,257,000,000","22,125,000,000","23,740,000,000","20,733,000,000","22,325,000,000","19,757,000,000","21,752,000,000","20,437,000,000","21,524,000,000","20,221,000,000","19,644,000,000","17,552,000,000","13,153,000,000","9,210,000,000","-5,361,000,000","13,479,000,000","14,836,000,000","12,926,000,000","13,601,000,000","12,049,000,000","13,184,000,000","11,268,000,000","13,092,000,000","14,296,000,000","16,967,000,000","15,025,000,000","15,816,000,000","13,858,000,000","15,178,029,650","13,671,699,840","13,898,029,680","11,796,549,160","13,618,022,600","12,550,052,120","10,701,424,820","11,623,360,960","11,612,575,800","11,631,621,540","11,626,797,000","11,620,401,000","11,609,754,240","11,607,549,660","10,309,788,850","12,272,402,100","13,050,555,760","12,279,909,250","10,305,908,380","16,665,345,620","14,142,730,000","14,153,092,800","12,629,673,500","15,056,053,200","16,019,409,000","14,732,844,300","7,853,464,560","15,608,230,880","15,808,038,980","15,783,435,500","13,636,549,590","10,784,713,680","12,401,479,870","12,422,993,302","14,148,896,994","12,012,950,488","11,978,821,525","11,908,697,856","10,398,440,052","12,739,776,504","12,539,613,918","12,177,428,406","10,341,005,300","10,210,113,470","10,229,745,852","10,146,754,419","10,565,941,833","9,835,875,920","9,658,349,728","9,705,107,712","8,967,343,314","8,711,649,480","8,988,112,415","9,311,710,720","9,565,929,129","6,766,726,500","6,865,404,615","6,624,553,680","11,678,869,917","7,294,084,941","7,550,999,599","8,145,431,580","6,811,967,477","9,989,220,045","10,880,637,784","10,213,582,124"
CostOfRevenue,"90,861,000,000","18,878,000,000","25,126,000,000","23,768,000,000","23,089,000,000","21,181,000,000","25,583,000,000","23,584,000,000","24,972,000,000","23,057,000,000","24,612,000,000","22,280,000,000","23,495,000,000","23,588,000,000","25,367,000,000","22,971,000,000","24,154,000,000","22,803,000,000","25,069,000,000","24,493,000,000","25,079,000,000","22,979,000,000","23,452,000,000","20,356,000,000","20,101,000,000","19,237,000,000","20,677,000,000","17,804,000,000","19,065,000,000","17,024,000,000","18,525,000,000","17,314,000,000","18,403,000,000","17,232,000,000","16,838,000,000","14,806,000,000","11,151,000,000","7,909,000,000","-4,295,000,000","11,387,000,000","12,532,000,000","11,094,000,000","11,610,000,000","10,367,000,000","11,405,000,000","9,879,000,000","10,945,000,000","11,897,000,000","13,964,000,000","12,617,000,000","13,278,000,000","11,586,000,000","12,579,775,560","11,475,424,800","11,810,148,400","10,033,094,680","11,426,742,600","10,643,454,010",,,,,,,,,,,"9,608,880,160","10,816,424,500",,,"10,799,811,400",,,,"10,976,501,400",,,,"10,805,694,330",,,,"6,290,327,160",,,,,,,,,,,,,,,,,,,,,,,,,,,,,,,,,
GrossProfit,"13,412,000,000","1,689,000,000","4,517,000,000","3,554,000,000","3,652,000,000","3,300,000,000","3,891,000,000","4,010,000,000","4,021,000,000","3,970,000,000","4,264,000,000","4,134,000,000","4,430,000,000","4,131,000,000","4,352,000,000","3,865,000,000","3,739,000,000","3,767,000,000","2,434,000,000","2,975,000,000","4,149,000,000","3,417,000,000","3,632,000,000","3,197,000,000","3,227,000,000","2,888,000,000","3,324,000,000","2,929,000,000","3,260,000,000","2,733,000,000","3,250,000,000","3,123,000,000","3,121,000,000","2,989,000,000","2,806,000,000","2,746,000,000","2,002,000,000","1,301,000,000","-1,066,000,000","2,092,000,000","2,304,000,000","1,832,000,000","1,991,000,000","1,682,000,000","1,779,000,000","1,389,000,000","2,147,000,000","2,399,000,000","3,003,000,000","2,408,000,000","2,538,000,000","2,272,000,000","2,598,254,090","2,196,275,040","2,087,881,280","1,763,454,480","2,191,280,000","1,906,598,110",,,,,,,,,,,"3,441,675,600","1,463,484,750",,,"3,342,918,600",,,,"5,042,907,600",,,,"5,002,344,650",,,,"6,111,152,710",,,,,,,,,,,,,,,,,,,,,,,,,,,,,,,,,
OperatingExpense,"10,249,000,000","2,372,000,000","2,465,000,000","3,057,000,000","2,355,000,000","2,190,000,000","2,512,000,000","2,996,000,000","2,652,000,000","2,498,000,000","2,675,000,000","2,493,000,000","1,865,000,000","2,687,000,000","3,011,000,000","2,613,000,000","2,703,000,000","2,515,000,000","2,304,000,000","2,627,000,000","2,838,000,000","2,671,000,000","2,581,000,000","2,271,000,000","2,306,000,000","2,266,000,000","2,393,000,000","2,113,000,000","2,231,000,000","2,115,000,000","2,183,000,000","2,252,000,000","2,111,000,000","2,123,000,000","3,138,000,000","1,891,000,000","1,477,000,000","1,050,000,000","-564,000,000","1,506,000,000","1,653,000,000","1,453,000,000","2,161,000,000","1,343,000,000","1,489,000,000","1,516,000,000","1,688,000,000","1,626,000,000","2,906,000,000","2,503,000,000","1,903,000,000","1,527,000,000","1,645,979,560","1,586,198,640","1,728,282,880","1,207,942,680","1,526,852,600","1,580,719,160",,,,,,,,,,,"2,348,335,220","458,540,250",,,"2,823,513,000",,,,"4,779,349,200",,,,"4,765,087,590",,,,"6,029,727,340",,,,,,,,,,,,,,,,,,,,,,,,,,,,,,,,,
	SellingGeneralAndAdministration,"6,377,000,000","1,439,000,000","1,764,000,000","1,601,000,000","1,573,000,000","1,517,000,000","1,710,000,000","2,291,000,000","1,802,000,000","1,624,000,000","1,926,000,000","1,712,000,000","1,906,000,000","1,841,000,000","2,091,000,000","1,824,000,000","1,897,000,000","1,756,000,000","1,849,000,000","1,896,000,000","1,997,000,000","1,986,000,000","1,933,000,000","1,717,000,000","1,772,000,000","1,662,000,000","1,857,000,000","1,576,000,000","1,636,000,000","1,620,000,000","1,770,000,000","1,645,000,000","1,650,000,000","1,666,000,000","1,674,000,000","1,483,000,000","1,102,000,000","788,000,000","-563,000,000","1,154,000,000","1,250,000,000","1,115,000,000","1,066,000,000","1,039,000,000","1,112,000,000","1,079,000,000","1,090,000,000","1,278,000,000","1,407,000,000","1,300,000,000","1,207,000,000","1,186,000,000","1,275,855,790","1,254,586,560","1,232,339,880","1,058,230,280","1,196,595,400","1,212,764,700",,,,,,,,,,,"1,693,026,280",,,,"2,060,510,200",,,,"3,914,548,200",,,,"3,879,047,950",,,,"5,419,085,360",,,,,,,,,,,,,,,,,,,,,,,,,,,,,,,,,
	ResearchAndDevelopment,"3,872,000,000","933,000,000","701,000,000","1,456,000,000","782,000,000","673,000,000","802,000,000","705,000,000","850,000,000","874,000,000","749,000,000","781,000,000","854,000,000","846,000,000","920,000,000","789,000,000","806,000,000","759,000,000","656,000,000","749,000,000","732,000,000","727,000,000","712,000,000","598,000,000","601,000,000","626,000,000","620,000,000","555,000,000","570,000,000","486,000,000","460,000,000","467,000,000","447,000,000","461,000,000","341,000,000","416,000,000","332,000,000","278,000,000","-39,000,000","349,000,000","365,000,000","338,000,000","429,000,000","308,000,000","321,000,000","340,000,000","350,000,000","348,000,000","416,000,000","383,000,000","432,000,000","349,000,000","381,205,320","373,531,440","370,348,320","330,943,200","370,952,400","330,004,000",,,,,,,,,,,,"458,540,250",,,,,,,,,,,,,,,,,,,,,,,,,,,,,,,,,,,,,,,,,,,,,,,,
	DepreciationAmortizationDepletionIncomeStatement,,,,,,,,,,,,,,,,,,,,,,,,,,,,,,,,,,,,,,,,,,,,,,,,,,,,,,,,,,,,,,,,,,,,,"655,308,940",,,,"763,002,800",,,,"864,801,000",,,,"886,039,640",,,,"610,641,980",,,,,,,,,,,,,,,,,,,,,,,,,,,,,,,,,
		DepreciationAndAmortizationInIncomeStatement,,,,,,,,,,,,,,,,,,,,,,,,,,,,,,,,,,,,,,,,,,,,,,,,,,,,,,,,,,,,,,,,,,,,,"655,308,940",,,,"763,002,800",,,,"864,801,000",,,,"886,039,640",,,,"610,641,980",,,,,,,,,,,,,,,,,,,,,,,,,,,,,,,,,
	OtherTaxes,,,,,,,"0","0",,,"0","0","-895,000,000",,,,,,,,,,,,,,,,,,,,,,,,,,,,,,,,,,,,,,,,,,,,,,,,,,,,,,,,,,,,,,,,,,,,,,,,,,,,,,,,,,,,,,,,,,,,,,,,,,,,,,,,,
	OtherOperatingExpenses,,,,,,,,,,,,,,,,,,,"-201,000,000","-18,000,000","109,000,000","-42,000,000","-64,000,000","-44,000,000","-67,000,000","-22,000,000","-84,000,000","-18,000,000","25,000,000","9,000,000","-47,000,000","140,000,000","14,000,000","-4,000,000","1,123,000,000","-8,000,000","43,000,000","-16,000,000","38,000,000","3,000,000","38,000,000",,"666,000,000","-4,000,000","56,000,000","97,000,000",,,"1,083,000,000","820,000,000","122,000,000","-8,000,000","-11,081,550","-41,919,360","125,594,680","-181,230,800","-40,695,200","37,950,460",,,,,,,,,,,,,,,,,,,,,,,,,,,,,,,,,,,,,,,,,,,,,,,,,,,,,,,,,,,,
OperatingIncome,"3,163,000,000","-683,000,000","2,052,000,000","497,000,000","1,297,000,000","1,110,000,000","1,379,000,000","1,014,000,000","1,369,000,000","1,472,000,000","1,589,000,000","1,641,000,000","2,565,000,000","1,444,000,000","1,341,000,000","1,252,000,000","1,036,000,000","1,252,000,000","130,000,000","348,000,000","1,311,000,000","746,000,000","1,051,000,000","926,000,000","921,000,000","622,000,000","931,000,000","816,000,000","1,029,000,000","618,000,000","1,067,000,000","871,000,000","1,010,000,000","866,000,000","-332,000,000","855,000,000","525,000,000","251,000,000","-502,000,000","586,000,000","651,000,000","379,000,000","-170,000,000","339,000,000","290,000,000","-127,000,000","459,000,000","773,000,000","97,000,000","-95,000,000","635,000,000","745,000,000","952,274,530","610,076,400","359,598,400","555,511,800","664,427,400","325,878,950","-34,227,575,180","11,623,360,960","11,612,575,800","11,631,621,540","-34,904,203,000","11,620,401,000","11,609,754,240","11,607,549,660","-38,764,211,150","12,272,402,100","1,093,340,380","1,004,944,500","-46,201,091,620","16,665,345,620","519,405,600","14,153,092,800","-44,966,326,500","15,056,053,200","263,558,400","14,732,844,300","-48,336,535,440","15,608,230,880","237,257,060","15,783,435,500","-36,957,299,310","10,784,713,680","81,425,370","12,422,993,302","-33,311,181,798","12,012,950,488","11,978,821,525","11,908,697,856","-36,435,422,205","12,739,776,504","12,539,613,918","12,177,428,406","-31,427,382,650","10,210,113,470","10,229,745,852","10,146,754,419","-28,045,530,483","9,835,875,920","9,658,349,728","9,705,107,712","-25,107,794,430","8,711,649,480","8,988,112,415","9,311,710,720","-20,767,821,878","6,766,726,500","6,865,404,615","6,624,553,680","11,678,869,917","7,294,084,941","7,550,999,599","8,145,431,580","-28,306,012,784","9,989,220,045","10,880,637,784","10,213,582,124"
NetNonOperatingInterestIncomeExpense,"-931,000,000","-187,000,000","-215,000,000","-273,000,000","-256,000,000","-238,000,000","-262,000,000","-245,000,000","-291,000,000","-297,000,000","-333,000,000","-316,000,000","-365,000,000","-423,000,000","-460,000,000","-504,000,000","-471,000,000","-499,000,000","-513,000,000","-620,000,000","-627,000,000","-606,000,000","-537,000,000","-511,000,000","-506,000,000","-493,000,000","-530,000,000","-489,000,000","-502,000,000","-443,000,000","-404,000,000","-399,000,000","-466,000,000","-375,000,000","-362,000,000","-543,000,000","-230,000,000","-138,000,000","334,000,000","-181,000,000","-301,000,000","-250,000,000","-218,000,000","-164,000,000","-161,000,000","-210,000,000","-345,000,000","-161,000,000","-231,000,000","-210,000,000","119,000,000","-118,000,000",,,,,,,,,,,,,,,,,,,,,,,,,,,,,,,,,,,,,,,,,,,,,,,,,,,,,,,,,,,,,,,,,,
	InterestIncomeNonOperating,"252,000,000","41,000,000","70,000,000","67,000,000","74,000,000","50,000,000","70,000,000","63,000,000","44,000,000","51,000,000","51,000,000","38,000,000","47,000,000","46,000,000","69,000,000","57,000,000","50,000,000","50,000,000",,,"73,000,000","57,000,000","69,000,000","53,000,000","55,000,000",,,,,"51,000,000",,,"127,000,000",,,,,,,,,,,,,,,,,,"340,000,000","328,000,000",,,,,,,,,,,,,,,,,,,,,,,,,,,,,,,,,,,,,,,,,,,,,,,,,,,,,,,,,,,,,,,,,,
	InterestExpenseNonOperating,"835,000,000","199,000,000","38,000,000","300,000,000","298,000,000","301,000,000","97,000,000","278,000,000","300,000,000","304,000,000","147,000,000","315,000,000","368,000,000","416,000,000","185,000,000","492,000,000","412,000,000","480,000,000","878,000,000","620,000,000",,"663,000,000",,,"561,000,000","493,000,000","734,000,000","489,000,000","502,000,000","494,000,000",,,"499,000,000",,,,"230,000,000","138,000,000","362,000,000","181,000,000","301,000,000","250,000,000","218,000,000","164,000,000","161,000,000","210,000,000","345,000,000","161,000,000","231,000,000","210,000,000","444,000,000","355,000,000",,,,,,,,,,,,,,,,,,,,,,,,,,,,,,,,,,,,,,,,,,,,,,,,,,,,,,,,,,,,,,,,,,
	TotalOtherFinanceCost,"348,000,000","29,000,000","247,000,000","40,000,000","32,000,000","-13,000,000","235,000,000","30,000,000","35,000,000","44,000,000","237,000,000","39,000,000","44,000,000","53,000,000","344,000,000","69,000,000","109,000,000","69,000,000",,"620,000,000","700,000,000",,,"564,000,000",,"493,000,000",,"489,000,000","502,000,000",,,"399,000,000","94,000,000",,,,,,,,,,,,,,,,,,"-223,000,000","91,000,000",,,,,,,,,,,,,,,,,,,,,,,,,,,,,,,,,,,,,,,,,,,,,,,,,,,,,,,,,,,,,,,,,,
OtherIncomeExpense,"200,000,000","1,000,000","93,000,000","37,000,000","69,000,000","-152,000,000","-36,000,000","22,000,000","71,000,000","72,000,000","89,000,000","115,000,000","107,000,000","48,000,000","48,000,000","65,000,000","4,000,000","42,000,000","-5,000,000","12,000,000","37,000,000","46,000,000","15,000,000","-564,000,000","40,000,000","-575,000,000","-475,000,000","40,000,000","28,000,000","-15,000,000","-160,000,000","9,000,000","-12,000,000","29,000,000","1,083,000,000","-30,000,000","-30,000,000","36,000,000","-115,000,000","30,000,000","19,000,000","-26,000,000","-129,000,000","-6,000,000","-145,000,000","1,000,000","-2,740,000,000","831,000,000","3,000,000","15,000,000","-52,000,000","-5,000,000","45,803,740","62,879,040","156,195,960","70,916,400","83,738,200","1,650,020",,,,,,,,,,,"-1,174,167,610",,,,"-536,517,800",,,,"298,856,400",,,,"253,004,210",,,,"109,822,830",,,,,,,,,,,,,,,,,,,,,,,,,,,,,,,,,
	GainOnSaleOfSecurity,"3,000,000","47,000,000","-150,000,000","41,000,000","65,000,000","58,000,000","-201,000,000","50,000,000","74,000,000","77,000,000","-304,000,000","130,000,000","153,000,000","93,000,000","-219,000,000","88,000,000","79,000,000","62,000,000","-107,000,000","25,000,000","4,000,000","6,000,000","-2,000,000","3,000,000","8,000,000","17,000,000","-6,000,000","6,000,000","9,000,000","9,000,000","-62,000,000","5,000,000","-67,000,000",,"-89,000,000","31,000,000",,,,,,,,,,,,,,,"-207,000,000","106,000,000",,,,,,,,,,,,,,,,,,,,,,,,,,,,,,,,,,,,,,,,,,,,,,,,,,,,,,,,,,,,,,,,,,
	EarningsFromEquityInterest,,,,,,,,,,,,,,,,,,,,,"41,000,000","44,000,000","29,000,000","36,000,000","28,000,000","24,000,000","14,000,000","41,000,000","7,000,000","25,000,000",,,"42,000,000","15,000,000",,,,"38,000,000",,,,,,,,,,,,,,"59,000,000","37,677,270","27,696,720",,,"46,173,400","43,725,530",,,,,,,,,,,,,,,,,,,,,,,,,,,,,,,,,,,,,,,,,,,,,,,,,,,,,,,,,,,,
	SpecialIncomeCharges,"-11,000,000","-46,000,000","35,000,000","-4,000,000","4,000,000","-210,000,000","-75,000,000","-28,000,000","-3,000,000","-5,000,000","-16,000,000","-15,000,000","-46,000,000","-45,000,000","-46,000,000","-23,000,000","-75,000,000","-20,000,000","-28,000,000","-13,000,000","-8,000,000","-4,000,000","-12,000,000","-39,000,000","4,000,000","-616,000,000","-483,000,000","-7,000,000","12,000,000","-49,000,000","-192,000,000","4,000,000","13,000,000","11,000,000","1,026,000,000","-61,000,000","-30,000,000","-4,000,000","-239,000,000","30,000,000","24,000,000","-2,000,000","-138,000,000","-6,000,000","-145,000,000","-2,000,000","-165,000,000","-3,000,000","-1,000,000","4,000,000","240,000,000","-151,000,000","-6,648,930","-14,971,200","-312,894,960","-129,225,440","-4,695,600","-3,300,040",,,,,,,,,,,,,,,,,,,,,,,,,,,,,,,,,,,,,,,,,,,,,,,,,,,,,,,,,,,,
		RestructuringAndMergernAcquisition,"-30,000,000","20,000,000","-41,000,000","-1,000,000","-8,000,000","204,000,000","77,000,000","24,000,000","1,000,000","3,000,000","6,000,000","10,000,000","44,000,000","35,000,000","22,000,000","-1,000,000","60,000,000","7,000,000","28,000,000","13,000,000","8,000,000","4,000,000","27,000,000","15,000,000","-2,000,000","10,000,000","19,000,000","14,000,000","-3,000,000","-2,000,000","54,000,000","-4,000,000","-24,000,000","-11,000,000","-1,000,000","61,000,000","30,000,000","4,000,000","225,000,000","-30,000,000","-24,000,000","2,000,000","138,000,000","6,000,000","145,000,000","2,000,000","165,000,000","3,000,000","1,000,000","-4,000,000","51,000,000","32,000,000","6,648,930","14,971,200","312,894,960","129,225,440","4,695,600","3,300,040",,,,,,,,,,,,,,,,,,,,,,,,,,,,,,,,,,,,,,,,,,,,,,,,,,,,,,,,,,,,
		WriteOff,"41,000,000","26,000,000","6,000,000","5,000,000","4,000,000","6,000,000","-2,000,000","4,000,000","2,000,000","2,000,000","10,000,000","5,000,000","2,000,000","10,000,000","24,000,000","24,000,000","15,000,000","13,000,000",,,,,,,,,,,,,,,"11,000,000",,,,,,,,,,,,,,,,,,"-50,000,000","23,000,000",,,,,,,,,,,,,,,,,,,,,,,,,,,,,,,,,,,,,,,,,,,,,,,,,,,,,,,,,,,,,,,,,,
		OtherSpecialCharges,,,,,,,,,,,,,,,,,,,,,,,"-15,000,000","24,000,000","-2,000,000","606,000,000","464,000,000","-7,000,000","-9,000,000","51,000,000",,,,,,,,,,,,,,,,,,,,,,"96,000,000",,,,,,,,,,,,,,,,,,,,,,,,,,,,,,,,,,,,,,,,,,,,,,,,,,,,,,,,,,,,,,,,,,
	OtherNonOperatingIncomeExpenses,,,,,,,,,,,,,,,,,,,,,,,,,,,,,,,,,,"3,000,000",,,,"2,000,000",,,"-5,000,000","-24,000,000",,,,"3,000,000","-2,575,000,000","834,000,000","4,000,000","11,000,000","40,000,000","-19,000,000","14,775,400","50,153,520","-262,909,080","200,141,840","42,260,400","-38,775,470",,,,,,,,,,,,,,,,,,,,,,,,,,,,,,,,,,,,,,,,,,,,,,,,,,,,,,,,,,,,
PretaxIncome,"2,432,000,000","-869,000,000","1,930,000,000","261,000,000","1,110,000,000","720,000,000","1,081,000,000","791,000,000","1,149,000,000","1,247,000,000","1,345,000,000","1,440,000,000","2,307,000,000","1,069,000,000","929,000,000","813,000,000","569,000,000","795,000,000","-388,000,000","-260,000,000","721,000,000","186,000,000","529,000,000","415,000,000","455,000,000","-446,000,000","-74,000,000","367,000,000","555,000,000","160,000,000","503,000,000","481,000,000","532,000,000","520,000,000","389,000,000","282,000,000","1,361,000,000","153,000,000","-260,000,000","435,000,000","374,000,000","157,000,000","-119,000,000","128,000,000","-16,000,000","-360,000,000","-79,000,000","675,000,000","955,000,000","636,000,000","702,000,000","622,000,000","874,703,680","574,145,520","541,007,840","327,003,400","543,124,400","231,827,810",,,,,,,,,,,"-270,293,210","-1,334,434,500",,,"-142,937,200",,,,"348,273,600",,,,"218,360,480",,,,,,,,,,,,,,,,,,,,,,,,,,,,,,,,,,,,,
TaxProvision,"1,934,000,000","825,000,000","352,000,000","440,000,000","317,000,000","212,000,000","-90,000,000","277,000,000","395,000,000","226,000,000","541,000,000","530,000,000","1,152,000,000","428,000,000","520,000,000","207,000,000","248,000,000","317,000,000","-355,000,000","39,000,000","388,000,000","94,000,000","109,000,000","227,000,000","258,000,000","-127,000,000","-1,370,000,000","178,000,000","120,000,000","129,000,000","115,000,000","195,000,000","174,000,000","141,000,000","124,000,000","170,000,000","124,000,000","116,000,000","-200,000,000","245,000,000","261,000,000","178,000,000","164,000,000","103,000,000","163,000,000","51,000,000","-259,000,000","207,000,000","309,000,000","209,000,000","105,000,000","168,000,000","248,226,720","197,619,840","70,805,280","126,861,560","212,084,600","80,850,980",,,,,,,,,,,"83,434,560","42,101,500",,,"137,904,200",,,,"156,487,800",,,,"148,023,210",,,,,,,,,,,,,,,,,,,,,,,,,,,,,,,,,,,,,
NetIncomeCommonStockholders,"4,311,000,000","-1,696,000,000","1,536,000,000","-179,000,000","4,650,000,000","615,000,000","1,287,000,000","557,000,000","748,000,000","1,016,000,000","798,000,000","911,000,000","1,145,000,000","637,000,000","412,000,000","608,000,000","311,000,000","472,000,000","242,000,000","-306,000,000","320,000,000","78,000,000","408,000,000","174,000,000","175,000,000","-335,000,000","860,000,000","-15,000,000","142,000,000","-83,000,000","102,000,000","39,000,000","103,000,000","104,000,000","43,000,000","-46,000,000","1,308,000,000","29,000,000","285,000,000","170,000,000","90,000,000","-25,000,000","-281,000,000","21,000,000","-168,000,000","-410,000,000","163,000,000","440,000,000","604,000,000","405,000,000","570,000,000","432,000,000","593,232,310","357,811,680","452,755,080","194,626,120","280,953,400","137,776,670","237,153,960","354,918,130","354,323,970","354,857,800","-396,617,780","-396,460,740","-395,982,720","-396,090,080","-602,072,950","-600,495,000","-353,727,770","-1,376,536,000","-1,565,211,020","-1,817,724,700","-280,841,400","-281,088,500","-405,482,800","-396,269,700","191,785,800","192,921,950","232,075,540","278,880,360","70,337,270","70,102,100","4,929,800","-15,899,760","188,253,910","188,574,820","182,125,330","154,688,842","154,189,975","153,297,001","266,087,388","325,849,244","320,729,623","311,465,891","316,442,860","312,591,270","313,192,332","310,651,479","278,594,298","259,342,590","254,661,756","255,894,624","129,741,696","126,042,264","130,042,197","134,724,096","-268,085,595","-221,174,900","-224,400,259","-216,527,888","107,358,012","67,050,876","69,412,564","74,876,880","134,332,023","196,987,455","214,566,216","201,411,876"
	NetIncome,"4,311,000,000","-1,696,000,000","1,536,000,000","-179,000,000","4,650,000,000","615,000,000","1,287,000,000","557,000,000","748,000,000","1,016,000,000","798,000,000","911,000,000","1,145,000,000","637,000,000","412,000,000","608,000,000","311,000,000","472,000,000","242,000,000","-306,000,000","320,000,000","78,000,000","408,000,000","174,000,000","175,000,000","-335,000,000","860,000,000","-15,000,000","142,000,000","-83,000,000","102,000,000","39,000,000","103,000,000","104,000,000","43,000,000","-46,000,000","1,308,000,000","29,000,000","285,000,000","170,000,000","90,000,000","-25,000,000","-281,000,000","21,000,000","-168,000,000","-410,000,000","71,000,000","468,000,000","646,000,000","427,000,000","570,000,000","432,000,000","593,232,310","357,811,680","452,755,080","194,626,120","280,953,400","137,776,670","237,153,960","354,918,130","354,323,970","354,857,800","-396,617,780","-396,460,740","-395,982,720","-396,090,080","-602,072,950","-600,495,000","-353,727,770","-1,376,536,000","-1,565,211,020","-1,817,724,700","-280,841,400","-281,088,500","-405,482,800","-396,269,700","191,785,800","192,921,950","232,075,540","278,880,360","70,337,270","70,102,100","4,929,800","-15,899,760","188,253,910","188,574,820","182,125,330","154,688,842","154,189,975","153,297,001","266,087,388","325,849,244","320,729,623","311,465,891","316,442,860","312,591,270","313,192,332","310,651,479","278,594,298","259,342,590","254,661,756","255,894,624","129,741,696","126,042,264","130,042,197","134,724,096","-268,085,595","-221,174,900","-224,400,259","-216,527,888","107,358,012","67,050,876","69,412,564","74,876,880","134,332,023","196,987,455","214,566,216","201,411,876"
		NetIncomeIncludingNoncontrollingInterests,"4,317,000,000","-1,694,000,000","1,538,000,000","-179,000,000","4,652,000,000","619,000,000","1,293,000,000","564,000,000","754,000,000","1,021,000,000","804,000,000","910,000,000","1,155,000,000","641,000,000","409,000,000","606,000,000","321,000,000","478,000,000","251,000,000","-299,000,000","333,000,000","92,000,000","420,000,000","188,000,000","197,000,000","-319,000,000","1,296,000,000","189,000,000","435,000,000","31,000,000","388,000,000","286,000,000","358,000,000","379,000,000","265,000,000","112,000,000","1,237,000,000","37,000,000","318,000,000","190,000,000","113,000,000","-21,000,000","-283,000,000","25,000,000","-179,000,000","-411,000,000","272,000,000","440,000,000","688,000,000","449,000,000","597,000,000","454,000,000","627,215,730","375,777,120","470,990,520","199,353,880","331,039,800","150,976,830","326,153,960","354,918,130","354,323,970","354,857,800","-358,617,780","-396,460,740","-395,982,720","-396,090,080","-650,072,950","-600,495,000","-368,502,640","-697,420,500","-1,880,211,020","-1,817,724,700","-400,626,800","-281,088,500","-751,482,800","-396,269,700","160,017,600","192,921,950","146,075,540","278,880,360","110,230,050","70,102,100","157,973,460","-15,899,760","188,253,910","188,574,820","476,207,764","154,688,842","154,189,975","153,297,001","567,087,087","325,849,244","320,729,623","311,465,891","517,310,360","312,591,270","313,192,332","310,651,479","488,702,052","259,342,590","254,661,756","255,894,624","250,266,684","126,042,264","130,042,197","134,724,096","-238,331,423","-221,174,900","-224,400,259","-216,527,888","107,358,012","67,050,876","69,412,564","74,876,880","239,749,244","196,987,455","214,566,216","201,411,876"
			NetIncomeContinuousOperations,"498,000,000","-1,694,000,000","1,578,000,000","-179,000,000","793,000,000","508,000,000","1,171,000,000","514,000,000","754,000,000","1,021,000,000","804,000,000","910,000,000","1,155,000,000","641,000,000","409,000,000","606,000,000","321,000,000","478,000,000","-33,000,000","-299,000,000","333,000,000","92,000,000","420,000,000","188,000,000","197,000,000","-319,000,000","1,296,000,000","189,000,000","435,000,000","31,000,000","388,000,000","286,000,000","358,000,000","379,000,000","265,000,000","112,000,000","1,237,000,000","37,000,000","-60,000,000","190,000,000","113,000,000","-21,000,000","-283,000,000","25,000,000","-179,000,000","-411,000,000","180,000,000","468,000,000","646,000,000","427,000,000","597,000,000","454,000,000","593,232,310","357,811,680","538,755,080","194,626,120","280,953,400","137,776,670","326,153,960","354,918,130","354,323,970","354,857,800","-358,617,780","-396,460,740","-395,982,720","-396,090,080","-650,072,950","-600,495,000","-353,727,770","-1,376,536,000","-1,880,211,020","-1,817,724,700","-280,841,400","-281,088,500","-751,482,800","-396,269,700","191,785,800","192,921,950","146,075,540","278,880,360","70,337,270","70,102,100","4,929,800","-15,899,760","188,253,910","188,574,820","182,125,330","154,688,842","154,189,975","153,297,001","266,087,388","325,849,244","320,729,623","311,465,891","316,442,860","312,591,270","313,192,332","310,651,479","278,594,298","259,342,590","254,661,756","255,894,624","129,741,696","126,042,264","130,042,197","134,724,096","-268,085,595","-221,174,900","-224,400,259","-216,527,888","107,358,012","67,050,876","69,412,564","74,876,880","134,332,023","196,987,455","214,566,216","201,411,876"
			NetIncomeDiscontinuousOperations,"3,819,000,000","0","-40,000,000","0","3,859,000,000","111,000,000","122,000,000","50,000,000",,,,,,,"0","0","0","0",,,,,,,,,"0","0","0","0",,,"0","0","0","0","0","0",,,"0",,,,,"0","0","0","0","0",,"0",,,,,,,,,,,,,,,,,,,,,,,,,,,,,,,,,,,,,,,,,,,,,,,,,,,,,,,,,,,,,,,,,,
		MinorityInterests,"-6,000,000","-2,000,000","-2,000,000","0","-2,000,000","-4,000,000","-6,000,000","-7,000,000","-6,000,000","-5,000,000","-6,000,000","1,000,000","-10,000,000","-4,000,000","3,000,000","2,000,000","-10,000,000","-6,000,000","-9,000,000","-7,000,000","-13,000,000","-14,000,000","-12,000,000","-14,000,000","-22,000,000","-16,000,000","-436,000,000","-204,000,000","-293,000,000","-114,000,000","-286,000,000","-247,000,000","-255,000,000","-275,000,000","-222,000,000","-158,000,000","71,000,000","-8,000,000","-33,000,000","-20,000,000","-23,000,000","-4,000,000","-18,000,000","-4,000,000","11,000,000","1,000,000","17,000,000","28,000,000","-42,000,000","-22,000,000","-27,000,000","-22,000,000","-33,983,420","-17,965,440","-18,235,440","-4,727,760","-50,086,400","-13,200,160",,,,,,,,,,,"14,774,870","-679,115,500",,,"119,785,400",,,,"31,768,200",,,,"-39,892,780",,,,,,,,,,,,,,,,,,,,,,,,,,,,,,,,,,,,,
	OtherunderPreferredStockDividend,,,,,,,,,,,,,,,,,,,,,,,,,,,,,,,,,,,,,,,,,,,,,,,,"28,000,000","42,000,000","22,000,000",,,,,,,,,,,,,,,,,,,,,,,,,,,,,,,,,,,,,,,,,,,,,,,,,,,,,,,,,,,,,,,,,,,,
DilutedNIAvailtoComStockholders,"4,311,000,000","-1,696,000,000","1,536,000,000","-179,000,000","4,650,000,000","615,000,000","1,287,000,000","557,000,000","748,000,000","1,016,000,000","798,000,000","911,000,000","1,145,000,000","637,000,000","412,000,000","608,000,000","311,000,000","472,000,000","242,000,000","-306,000,000","320,000,000","78,000,000","408,000,000","174,000,000","175,000,000","-335,000,000","860,000,000","-15,000,000","142,000,000","-83,000,000","102,000,000","39,000,000","103,000,000","104,000,000","43,000,000","-46,000,000","1,308,000,000","29,000,000","285,000,000","170,000,000","90,000,000","-25,000,000","-281,000,000","21,000,000","-168,000,000","-410,000,000","163,000,000","440,000,000","604,000,000","405,000,000","570,000,000","432,000,000","593,232,310","357,811,680","452,755,080","194,626,120","280,953,400","137,776,670","237,153,960","354,918,130","354,323,970","354,857,800","-396,617,780","-396,460,740","-395,982,720","-396,090,080","-602,072,950","-600,495,000","-353,727,770","-1,376,536,000","-1,565,211,020","-1,817,724,700","-280,841,400","-281,088,500","-405,482,800","-396,269,700","191,785,800","192,921,950","232,075,540","278,880,360","70,337,270","70,102,100","4,929,800","-15,899,760","188,253,910","188,574,820","182,125,330","154,688,842","154,189,975","153,297,001","266,087,388","325,849,244","320,729,623","311,465,891","316,442,860","312,591,270","313,192,332","310,651,479","278,594,298","259,342,590","254,661,756","255,894,624","129,741,696","126,042,264","130,042,197","134,724,096","-268,085,595","-221,174,900","-224,400,259","-216,527,888","107,358,012","67,050,876","69,412,564","74,876,880","134,332,023","196,987,455","214,566,216","201,411,876"
BasicEPS,,"-1.08",,"-0.11","2.97","0.4",,"0.36","0.48","0.66",,"0.593","0.745","0.416",,"0.402","0.206","0.312",,"-0.202","0.212","0.052",,"0.143","0.143","-0.275",,"-0.013","0.049","-0.068",,"0.032","0.084","0.061",,"-0.037","1.074","0",,"0.16","0.032","-0.02",,"0.02","-0.136","-0.331",,"0.356","0.486","0.316",,"0.344","0.458","1.001",,"0.435","0.168","0.109",,"0.312","0.312","0.312",,"-0.405","-0.405","-0.405",,"-0.504","-0.816","-3.177",,"-2.89","-0.648","-0.649",,"-1.079","0.344","0.348",,"0.487","0.135","0.135",,"-0.206","0.512","0.511",,"0.28","0.273","0.279",,"0.956","0.941","0.914",,"0.849","0.851","0.844",,"0.092","0.09","0.091",,"0.243","0.251","0.26",,"-0.511","-0.518","-0.5",,"0.273","0.283","0.305",,"0.698","0.76","0.714"
DilutedEPS,,"-1.08",,"-0.11","2.96","0.39",,"0.36","0.48","0.65",,"0.584","0.737","0.411",,"0.388","0.199","0.306",,"-0.202","0.212","0.052",,"0.142","0.142","-0.275",,"-0.013","0.049","-0.068",,"0.032","0.084","0.061",,"-0.037","1.074","0",,"0.16","0.032","-0.02",,"0.02","-0.136","-0.331",,"0.353","0.484","0.314",,"0.341","0.458","0.999",,"0.435","0.168","0.109",,"0.312","0.312","0.312",,"-0.405","-0.405","-0.405",,"-0.504","-0.816","-3.177",,"-2.89","-0.648","-0.649",,"-1.079","0.344","0.348",,"0.487","0.135","0.135",,"-0.206","0.512","0.511",,"0.28","0.273","0.279",,"0.956","0.941","0.914",,"0.849","0.851","0.844",,"0.092","0.09","0.091",,"0.243","0.251","0.26",,"-0.511","-0.518","-0.5",,"0.273","0.283","0.305",,"0.698","0.76","0.714"
BasicAverageShares,,"1,568,001,000",,"1,567,466,000","1,567,216,000","1,553,890,000",,"1,550,618,000","1,550,298,000","1,542,107,000",,"1,537,294,000","1,537,292,000","1,529,948,000",,"1,512,811,000","1,512,165,000","1,511,426,000",,"1,511,370,000","1,511,083,000","1,508,310,000",,"1,218,007,000","1,216,269,000","1,218,181,818",,"1,215,921,000","1,215,824,966","1,228,341,000",,"1,215,825,000","1,215,830,000","1,241,317,000",,"1,237,316,000","1,217,877,095","1,236,959,000",,"1,053,679,000","1,053,679,000","1,236,884,000",,"1,236,884,000","1,236,884,000","1,236,884,000",,"1,236,884,000","1,242,278,000","1,243,996,000",,"1,256,266,000","1,266,937,000","1,271,900,000",,"1,271,171,843","1,087,923,233","1,191,206,918",,"1,136,847,710","1,136,122,881","1,136,082,983",,"979,145,978","978,723,404","979,133,226",,"1,191,286,590","433,220,490","433,217,156",,"629,074,087","433,220,490","433,244,916",,"367,399,890","367,399,890","554,098,361",,"572,625,698","367,399,890","519,379,845",,"77,272,727","367,735,849","369,090,909",,"552,424,242","564,333,333","550,333,333",,"340,849,057","340,849,057","340,849,057",,"368,207,547","368,207,547","368,207,547",,"2,822,500,000","2,822,500,000","2,822,500,000",,"519,000,000","519,000,000","519,000,000",,"433,166,667","433,166,667","433,166,667",,"245,263,158","245,263,158","245,263,158",,"282,209,302","282,209,302","282,209,302"
DilutedAverageShares,,"1,568,001,000",,"1,571,155,000","1,570,180,000","1,569,868,000",,"1,568,788,000","1,568,497,000","1,566,402,000",,"1,558,936,000","1,553,791,000","1,551,534,000",,"1,565,634,000","1,560,707,000","1,511,426,000",,"1,511,370,000","1,511,083,000","1,508,310,000",,"1,229,446,000","1,230,776,000","1,218,181,818",,"1,215,921,000","1,215,824,966","1,228,341,000",,"1,227,737,000","1,227,273,000","1,246,258,000",,"1,237,316,000","1,217,877,095","1,248,497,000",,"1,053,679,000","1,059,236,000","1,236,884,000",,"1,238,597,000","1,238,001,000","1,236,884,000",,"1,244,973,000","1,248,053,000","1,250,203,000",,"1,264,105,000","1,266,937,000","1,271,900,000",,"1,271,171,843","1,087,923,233","1,191,206,918",,"1,136,847,710","1,136,122,881","1,136,082,983",,"979,145,978","978,723,404","979,133,226",,"1,191,286,590","433,220,490","433,217,156",,"629,074,087","433,220,490","433,244,916",,"367,399,890","367,399,890","554,098,361",,"572,625,698","367,399,890","519,379,845",,"77,272,727","367,735,849","369,090,909",,"552,424,242","564,333,333","550,333,333",,"340,849,057","340,849,057","340,849,057",,"368,207,547","368,207,547","368,207,547",,"2,822,500,000","2,822,500,000","2,822,500,000",,"519,000,000","519,000,000","519,000,000",,"433,166,667","433,166,667","433,166,667",,"245,263,158","245,263,158","245,263,158",,"282,209,302","282,209,302","282,209,302"
TotalExpenses,"101,110,000,000","21,250,000,000","27,591,000,000","26,825,000,000","25,444,000,000","23,371,000,000","28,095,000,000","26,580,000,000","27,624,000,000","25,555,000,000","27,287,000,000","24,773,000,000","25,360,000,000","26,275,000,000","28,378,000,000","25,584,000,000","26,857,000,000","25,318,000,000","27,373,000,000","27,120,000,000","27,917,000,000","25,650,000,000","26,033,000,000","22,627,000,000","22,407,000,000","21,503,000,000","23,070,000,000","19,917,000,000","21,296,000,000","19,139,000,000","20,708,000,000","19,566,000,000","20,514,000,000","19,355,000,000","19,976,000,000","16,697,000,000","12,628,000,000","8,959,000,000","-4,859,000,000","12,893,000,000","14,185,000,000","12,547,000,000","13,771,000,000","11,710,000,000","12,894,000,000","11,395,000,000","12,633,000,000","13,523,000,000","16,870,000,000","15,120,000,000","15,181,000,000","13,113,000,000","14,225,755,120","13,061,623,440","13,538,431,280","11,241,037,360","12,953,595,200","12,224,173,170",,,,,,,,,,,"11,957,215,380","11,274,964,750",,,"13,623,324,400",,,,"15,755,850,600",,,,"15,570,781,920",,,,"12,320,054,500",,,,,,,,,,,,,,,,,,,,,,,,,,,,,,,,,
NetIncomeFromContinuingAndDiscontinuedOperation,"4,311,000,000","-1,696,000,000","1,536,000,000","-179,000,000","4,650,000,000","615,000,000","1,287,000,000","557,000,000","748,000,000","1,016,000,000","798,000,000","911,000,000","1,145,000,000","637,000,000","412,000,000","608,000,000","311,000,000","472,000,000","242,000,000","-306,000,000","320,000,000","78,000,000","408,000,000","174,000,000","175,000,000","-335,000,000","860,000,000","-15,000,000","142,000,000","-83,000,000","102,000,000","39,000,000","103,000,000","104,000,000","43,000,000","-46,000,000","1,308,000,000","29,000,000","285,000,000","170,000,000","90,000,000","-25,000,000","-281,000,000","21,000,000","-168,000,000","-410,000,000","71,000,000","468,000,000","646,000,000","427,000,000","570,000,000","432,000,000","593,232,310","357,811,680","452,755,080","194,626,120","280,953,400","137,776,670","237,153,960","354,918,130","354,323,970","354,857,800","-396,617,780","-396,460,740","-395,982,720","-396,090,080","-602,072,950","-600,495,000","-353,727,770","-1,376,536,000","-1,565,211,020","-1,817,724,700","-280,841,400","-281,088,500","-405,482,800","-396,269,700","191,785,800","192,921,950","232,075,540","278,880,360","70,337,270","70,102,100","4,929,800","-15,899,760","188,253,910","188,574,820","182,125,330","154,688,842","154,189,975","153,297,001","266,087,388","325,849,244","320,729,623","311,465,891","316,442,860","312,591,270","313,192,332","310,651,479","278,594,298","259,342,590","254,661,756","255,894,624","129,741,696","126,042,264","130,042,197","134,724,096","-268,085,595","-221,174,900","-224,400,259","-216,527,888","107,358,012","67,050,876","69,412,564","74,876,880","134,332,023","196,987,455","214,566,216","201,411,876"
NormalizedIncome,"496,800,000","-1,696,600,000","1,670,025,906.736","-208,970,000","741,705,405.405","611,244,444.444","1,388,560,000","492,704,171.934","701,408,181.027","957,048,917.402","1,057,200,000","838,326,388.889","1,058,330,000","608,200,000","624,000,000","559,250,000","307,800,000","446,800,000","66,000,000","-315,600,000","323,200,000","76,400,000","419,115,311.909","201,720,000","165,760,000","93,432,735.426","1,236,530,000","-14,230,000","125,540,540.541","-52,200,000","297,928,429.423","32,160,000","139,338,345.865","95,982,692.308","-595,316,195.373","-23,800,000","1,335,266,715.65","31,960,000","79,080,000","148,400,000","72,720,000","-23,560,000","-181,640,000","25,320,000","-63,600,000","-408,560,000","186,500,000","470,080,000","646,676,439.791","424,314,465.409","541,935,897.436","464,845,659.164","597,994,381.486","367,629,820.287","724,699,403.77","273,718,317.012","283,815,415.562","139,925,806.37","237,153,960","354,918,130","354,323,970","354,857,800","-396,617,780","-396,460,740","-395,982,720","-396,090,080","-602,072,950","-600,495,000","-353,727,770","-1,376,536,000","-1,565,211,020","-1,817,724,700","-280,841,400","-281,088,500","-405,482,800","-396,269,700","191,785,800","192,921,950","232,075,540","278,880,360","70,337,270","70,102,100","4,929,800","-15,899,760","188,253,910","188,574,820","182,125,330","154,688,842","154,189,975","153,297,001","266,087,388","325,849,244","320,729,623","311,465,891","316,442,860","312,591,270","313,192,332","310,651,479","278,594,298","259,342,590","254,661,756","255,894,624","129,741,696","126,042,264","130,042,197","134,724,096","-268,085,595","-221,174,900","-224,400,259","-216,527,888","107,358,012","67,050,876","69,412,564","74,876,880","134,332,023","196,987,455","214,566,216","201,411,876"
InterestIncome,"252,000,000","41,000,000","70,000,000","67,000,000","74,000,000","50,000,000","70,000,000","63,000,000","44,000,000","51,000,000","51,000,000","38,000,000","47,000,000","46,000,000","69,000,000","57,000,000","50,000,000","50,000,000",,,"73,000,000","57,000,000","69,000,000","53,000,000","55,000,000",,,,,"51,000,000",,,"127,000,000",,,,,,,,,,,,,,,,,,"340,000,000","328,000,000",,,,,,,,,,,,,,,,,,,,,,,,,,,,,,,,,,,,,,,,,,,,,,,,,,,,,,,,,,,,,,,,,,
InterestExpense,"835,000,000","199,000,000","38,000,000","300,000,000","298,000,000","301,000,000","97,000,000","278,000,000","300,000,000","304,000,000","147,000,000","315,000,000","368,000,000","416,000,000","185,000,000","492,000,000","412,000,000","480,000,000","878,000,000","620,000,000",,"663,000,000",,,"561,000,000","493,000,000","734,000,000","489,000,000","502,000,000","494,000,000",,,"499,000,000",,,,"230,000,000","138,000,000","362,000,000","181,000,000","301,000,000","250,000,000","218,000,000","164,000,000","161,000,000","210,000,000","345,000,000","161,000,000","231,000,000","210,000,000","444,000,000","355,000,000",,,,,,,,,,,,,,,,,,,,,,,,,,,,,,,,,,,,,,,,,,,,,,,,,,,,,,,,,,,,,,,,,,
NetInterestIncome,"-931,000,000","-187,000,000","-215,000,000","-273,000,000","-256,000,000","-238,000,000","-262,000,000","-245,000,000","-291,000,000","-297,000,000","-333,000,000","-316,000,000","-365,000,000","-423,000,000","-460,000,000","-504,000,000","-471,000,000","-499,000,000","-513,000,000","-620,000,000","-627,000,000","-606,000,000","-537,000,000","-511,000,000","-506,000,000","-493,000,000","-530,000,000","-489,000,000","-502,000,000","-443,000,000","-404,000,000","-399,000,000","-466,000,000","-375,000,000","-362,000,000","-543,000,000","-230,000,000","-138,000,000","334,000,000","-181,000,000","-301,000,000","-250,000,000","-218,000,000","-164,000,000","-161,000,000","-210,000,000","-345,000,000","-161,000,000","-231,000,000","-210,000,000","119,000,000","-118,000,000",,,,,,,,,,,,,,,,,,,,,,,,,,,,,,,,,,,,,,,,,,,,,,,,,,,,,,,,,,,,,,,,,,
EBIT,"3,267,000,000","-670,000,000","1,968,000,000","561,000,000","1,408,000,000","1,021,000,000","1,178,000,000","1,069,000,000","1,449,000,000","1,551,000,000","1,492,000,000","1,755,000,000","2,675,000,000","1,485,000,000","1,114,000,000","1,305,000,000","981,000,000","1,275,000,000","490,000,000","360,000,000","1,311,000,000","849,000,000","983,000,000","926,000,000","1,016,000,000","47,000,000","660,000,000","856,000,000","1,057,000,000","654,000,000","1,186,000,000","871,000,000","1,031,000,000","866,000,000","1,049,000,000","855,000,000","1,591,000,000","291,000,000","102,000,000","616,000,000","675,000,000","407,000,000","99,000,000","292,000,000","145,000,000","-150,000,000","266,000,000","836,000,000","1,186,000,000","846,000,000","1,146,000,000","977,000,000","952,274,530","610,076,400","359,598,400","555,511,800","664,427,400","325,878,950","-31,883,575,180","11,623,360,960","11,612,575,800","11,631,621,540","-34,494,203,000","11,620,401,000","11,609,754,240","11,607,549,660","-36,845,211,150","12,272,402,100","1,093,340,380","1,004,944,500","-46,892,091,620","16,665,345,620","519,405,600","14,153,092,800","-42,310,326,500","15,056,053,200","263,558,400","14,732,844,300","-46,049,535,440","15,608,230,880","237,257,060","15,783,435,500","-36,957,299,310","10,784,713,680","81,425,370","12,422,993,302","-33,311,181,798","12,012,950,488","11,978,821,525","11,908,697,856","-36,435,422,205","12,739,776,504","12,539,613,918","12,177,428,406","-31,427,382,650","10,210,113,470","10,229,745,852","10,146,754,419","-28,045,530,483","9,835,875,920","9,658,349,728","9,705,107,712","-25,107,794,430","8,711,649,480","8,988,112,415","9,311,710,720","-20,767,821,878","6,766,726,500","6,865,404,615","6,624,553,680","11,678,869,917","7,294,084,941","7,550,999,599","8,145,431,580","-28,306,012,784","9,989,220,045","10,880,637,784","10,213,582,124"
EBITDA,"8,664,000,000"
ReconciledCostOfRevenue,"90,861,000,000","18,878,000,000","25,126,000,000","23,768,000,000","23,089,000,000","21,181,000,000","25,583,000,000","23,584,000,000","24,972,000,000","23,057,000,000","24,612,000,000","22,280,000,000","23,495,000,000","23,588,000,000","25,367,000,000","22,971,000,000","24,154,000,000","22,803,000,000","25,069,000,000","24,493,000,000","25,079,000,000","22,979,000,000","23,452,000,000","20,356,000,000","20,101,000,000","19,237,000,000","20,677,000,000","17,804,000,000","19,065,000,000","17,024,000,000","18,525,000,000","17,314,000,000","18,403,000,000","17,232,000,000","16,838,000,000","14,806,000,000","11,151,000,000","7,909,000,000","-4,295,000,000","11,387,000,000","12,532,000,000","11,094,000,000","11,610,000,000","10,367,000,000","11,405,000,000","9,879,000,000","10,945,000,000","11,897,000,000","13,964,000,000","12,617,000,000","13,278,000,000","11,586,000,000","12,579,775,560","11,475,424,800","11,810,148,400","10,033,094,680","11,426,742,600","10,643,454,010",,,,,,,,,,,"9,608,880,160","10,816,424,500",,,"10,799,811,400",,,,"10,976,501,400",,,,"10,805,694,330",,,,"6,290,327,160",,,,,,,,,,,,,,,,,,,,,,,,,,,,,,,,,
ReconciledDepreciation,"5,397,000,000","1,335,000,000","1,365,000,000","1,339,000,000","1,358,000,000","1,383,000,000","1,332,000,000","1,139,000,000","1,491,000,000","1,545,000,000","1,366,000,000","1,411,000,000","1,513,000,000","1,600,000,000","1,494,000,000","1,496,000,000","1,549,000,000","1,417,000,000","1,169,000,000","1,423,000,000","1,425,000,000","1,397,000,000","1,298,000,000","1,240,000,000","1,191,000,000","1,168,000,000","1,228,000,000","1,153,000,000","1,142,000,000","1,051,000,000","1,029,000,000","1,030,000,000","1,041,000,000","1,034,000,000","1,050,000,000","1,023,000,000","735,000,000","550,000,000","71,000,000","718,000,000","717,000,000","680,000,000","609,000,000","682,000,000","703,000,000","679,000,000","733,000,000","733,000,000","728,000,000","707,000,000","753,000,000","641,916,140","675,368,340","667,715,520","761,136,080","709,967,520","744,662,270","753,234,130",,,,,,,,,,,"655,308,940",,,,"763,002,800",,,,"864,801,000",,,,"886,039,640",,,,"610,641,980",,,,,,,,,,,,,,,,,,,,,,,,,,,,,,,,,
NetIncomeFromContinuingOperationNetMinorityInterest,"492,000,000","-1,696,000,000","1,576,000,000","-179,000,000","791,000,000","504,000,000","1,165,000,000","507,000,000","748,000,000","1,016,000,000","798,000,000","911,000,000","1,145,000,000","637,000,000","412,000,000","608,000,000","311,000,000","472,000,000","-42,000,000","-306,000,000","320,000,000","78,000,000","408,000,000","174,000,000","175,000,000","-335,000,000","860,000,000","-15,000,000","142,000,000","-83,000,000","102,000,000","39,000,000","103,000,000","104,000,000","43,000,000","-46,000,000","1,308,000,000","29,000,000","-93,000,000","170,000,000","90,000,000","-25,000,000","-281,000,000","21,000,000","-168,000,000","-410,000,000","71,000,000","468,000,000","646,000,000","427,000,000","570,000,000","432,000,000","593,232,310","357,811,680","452,755,080","194,626,120","280,953,400","137,776,670","237,153,960","354,918,130","354,323,970","354,857,800","-396,617,780","-396,460,740","-395,982,720","-396,090,080","-602,072,950","-600,495,000","-353,727,770","-1,376,536,000","-1,565,211,020","-1,817,724,700","-280,841,400","-281,088,500","-405,482,800","-396,269,700","191,785,800","192,921,950","232,075,540","278,880,360","70,337,270","70,102,100","4,929,800","-15,899,760","188,253,910","188,574,820","182,125,330","154,688,842","154,189,975","153,297,001","266,087,388","325,849,244","320,729,623","311,465,891","316,442,860","312,591,270","313,192,332","310,651,479","278,594,298","259,342,590","254,661,756","255,894,624","129,741,696","126,042,264","130,042,197","134,724,096","-268,085,595","-221,174,900","-224,400,259","-216,527,888","107,358,012","67,050,876","69,412,564","74,876,880","134,332,023","196,987,455","214,566,216","201,411,876"
TotalUnusualItemsExcludingGoodwill,"-8,000,000","1,000,000","-115,000,000","37,000,000","69,000,000","-152,000,000","-276,000,000","22,000,000","71,000,000","72,000,000","-320,000,000","115,000,000","107,000,000","48,000,000","-265,000,000","65,000,000","4,000,000","42,000,000","-135,000,000","12,000,000","-4,000,000","2,000,000","-14,000,000","-36,000,000","12,000,000","-599,000,000","-489,000,000","-1,000,000","21,000,000","-40,000,000","-254,000,000","9,000,000","-54,000,000","11,000,000","937,000,000","-30,000,000","-30,000,000","-4,000,000","-239,000,000","30,000,000","24,000,000","-2,000,000","-138,000,000","-6,000,000","-145,000,000","-2,000,000","-165,000,000","-3,000,000","-1,000,000","4,000,000","33,000,000","-45,000,000","-6,648,930","-14,971,200","-312,894,960","-129,225,440","-4,695,600","-3,300,040",,,,,,,,,,,,,,,,,,,,,,,,,,,,,,,,,,,,,,,,,,,,,,,,,,,,,,,,,,,,
TotalUnusualItems,"-8,000,000","1,000,000","-115,000,000","37,000,000","69,000,000","-152,000,000","-276,000,000","22,000,000","71,000,000","72,000,000","-320,000,000","115,000,000","107,000,000","48,000,000","-265,000,000","65,000,000","4,000,000","42,000,000","-135,000,000","12,000,000","-4,000,000","2,000,000","-14,000,000","-36,000,000","12,000,000","-599,000,000","-489,000,000","-1,000,000","21,000,000","-40,000,000","-254,000,000","9,000,000","-54,000,000","11,000,000","937,000,000","-30,000,000","-30,000,000","-4,000,000","-239,000,000","30,000,000","24,000,000","-2,000,000","-138,000,000","-6,000,000","-145,000,000","-2,000,000","-165,000,000","-3,000,000","-1,000,000","4,000,000","33,000,000","-45,000,000","-6,648,930","-14,971,200","-312,894,960","-129,225,440","-4,695,600","-3,300,040",,,,,,,,,,,,,,,,,,,,,,,,,,,,,,,,,,,,,,,,,,,,,,,,,,,,,,,,,,,,
NormalizedEBITDA,"8,672,000,000","664,000,000","3,448,000,000","1,863,000,000","2,697,000,000","2,556,000,000","2,786,000,000","2,186,000,000","2,869,000,000","3,024,000,000","3,178,000,000","3,051,000,000","4,081,000,000","3,037,000,000","2,873,000,000","2,736,000,000","2,526,000,000","2,650,000,000","1,794,000,000","1,771,000,000","2,740,000,000","2,244,000,000","2,295,000,000","2,202,000,000","2,195,000,000","1,814,000,000","2,377,000,000","2,010,000,000","2,178,000,000","1,745,000,000","2,469,000,000","1,892,000,000","2,126,000,000","1,889,000,000","1,162,000,000","1,908,000,000","2,356,000,000","845,000,000","412,000,000","1,304,000,000","1,368,000,000","1,089,000,000","846,000,000","980,000,000","993,000,000","531,000,000","1,164,000,000","1,572,000,000","1,915,000,000","1,549,000,000","1,866,000,000","1,663,916,140","1,634,291,800","1,292,763,120","1,433,629,440","1,394,704,760","1,413,785,270","1,082,413,120","-31,883,575,180","11,623,360,960","11,612,575,800","11,631,621,540","-34,494,203,000","11,620,401,000","11,609,754,240","11,607,549,660","-36,845,211,150","12,272,402,100","1,748,649,320","1,004,944,500","-46,892,091,620","16,665,345,620","1,282,408,400","14,153,092,800","-42,310,326,500","15,056,053,200","1,128,359,400","14,732,844,300","-46,049,535,440","15,608,230,880","1,123,296,700","15,783,435,500","-36,957,299,310","10,784,713,680","692,067,350","12,422,993,302","-33,311,181,798","12,012,950,488","11,978,821,525","11,908,697,856","-36,435,422,205","12,739,776,504","12,539,613,918","12,177,428,406","-31,427,382,650","10,210,113,470","10,229,745,852","10,146,754,419","-28,045,530,483","9,835,875,920","9,658,349,728","9,705,107,712","-25,107,794,430","8,711,649,480","8,988,112,415","9,311,710,720","-20,767,821,878","6,766,726,500","6,865,404,615","6,624,553,680","11,678,869,917","7,294,084,941","7,550,999,599","8,145,431,580","-28,306,012,784","9,989,220,045","10,880,637,784","10,213,582,124"
TaxRateForCalcs,"0.4","0.4","0.182","0.19","0.286","0.294","0.19","0.35","0.344","0.181","0.19","0.368","0.19","0.4","0.2","0.25","0.2","0.4","0.2","0.2","0.2","0.2","0.206","0.23","0.23","0.285","0.23","0.23","0.216","0.23","0.229","0.24","0.327","0.271","0.319","0.26","0.091","0.26","0.28","0.28","0.28","0.28","0.28","0.28","0.28","0.28","0.3","0.307","0.324","0.329","0.15","0.27","0.284","0.344","0.131","0.388","0.39","0.349","0.4","0.4","0.4","0.4","0.4","0.4","0.4","0.4","0.4","0.4","0.4","0.4","0.4","0.4","0.4","0.4","0.4","0.4","0.4","0.4","0.4","0.4","0.4","0.4","0.4","0.4","0.4","0.4","0.4","0.4","0.4","0.4","0.4","0.4","0.4","0.4","0.4","0.4","0.4","0.4","0.4","0.4","0.4","0.4","0.4","0.4","0.4","0.4","0.4","0.4","0.4","0.4","0.4","0.4","0.4","0.4","0.4","0.4","0.4","0.4"
TaxEffectOfUnusualItems,"-3,200,000","400,000","-20,974,093.264","7,030,000","19,705,405.405","-44,755,555.556","-52,440,000","7,704,171.934","24,408,181.027","13,048,917.402","-60,800,000","42,326,388.889","20,330,000","19,200,000","-53,000,000","16,250,000","800,000","16,800,000","-27,000,000","2,400,000","-800,000","400,000","-2,884,688.091","-8,280,000","2,760,000","-170,567,264.574","-112,470,000","-230,000","4,540,540.541","-9,200,000","-58,071,570.577","2,160,000","-17,661,654.135","2,982,692.308","298,683,804.627","-7,800,000","-2,733,284.35","-1,040,000","-66,920,000","8,400,000","6,720,000","-560,000","-38,640,000","-1,680,000","-40,600,000","-560,000","-49,500,000","-920,000","-323,560.209","1,314,465.409","4,935,897.436","-12,154,340.836","-1,886,858.514","-5,153,059.713","-40,950,636.23","-50,133,242.988","-1,833,584.438","-1,150,903.63","0","0","0","0","0","0","0","0","0","0","0","0","0","0","0","0","0","0","0","0","0","0","0","0","0","0","0","0","0","0","0","0","0","0","0","0","0","0","0","0","0","0","0","0","0","0","0","0","0","0","0","0","0","0","0","0","0","0","0","0"