name,ttm,12/31/2019,12/31/2018,12/31/2017,12/31/2016,12/31/2015,12/31/2014,12/31/2013,12/31/2012,12/31/2011,12/31/2010,12/31/2009,12/31/2008,12/31/2007,12/31/2006,12/31/2005,12/31/2004,12/31/2003,12/31/2002,12/31/2001,12/31/2000,12/31/1999,12/31/1998,12/31/1997,12/31/1996,12/31/1995,12/31/1994,12/31/1993,12/31/1992,12/31/1991,12/31/1990,12/31/1989,12/31/1988
TotalRevenue,"1,150,261,000","1,147,000,000","1,142,000,000","1,042,770,000","761,366,000","619,773,000","586,430,000","497,618,000","472,913,000","436,492,000","403,301,000","380,414,000","355,096,000","276,564,000","268,112,000","246,356,000","248,199,000","424,048,000","401,986,000","253,825,000","211,200,000","195,300,000","164,300,000","134,100,000","96,000,000","92,300,000","89,100,000","86,200,000","76,700,000","62,300,000","51,100,000",,
	NetInterestIncome,"918,631,000","917,000,000","932,000,000","846,346,000","611,478,000","498,183,000","466,069,000","395,939,000","372,476,000","316,351,000","284,919,000","266,397,000","251,792,000","194,837,000","188,837,000","188,409,000","170,058,000","293,477,000","281,113,000","171,026,000","155,600,000","148,400,000","132,600,000","111,000,000","80,700,000","77,300,000","74,700,000","70,200,000","63,300,000","51,400,000","43,200,000",,
		InterestIncome,"1,243,140,000","1,247,000,000","1,170,000,000","980,238,000","678,929,000","546,756,000","508,755,000","440,283,000","431,531,000","390,968,000","373,650,000","387,576,000","409,781,000","368,890,000","342,422,000","297,189,000","254,448,000","423,313,000","426,784,000","296,693,000","290,900,000","254,900,000","236,000,000","195,500,000","139,000,000","135,400,000","124,900,000","125,500,000","125,800,000","124,200,000","112,500,000",,
			InterestIncomeFromLoansAndLease,"1,081,533,000","1,085,000,000","1,022,000,000","861,867,000","597,621,000","482,086,000","449,502,000","390,983,000","377,802,000","341,268,000","322,773,000","329,841,000","352,687,000","318,015,000","288,553,000","240,966,000","208,307,000","356,036,000","374,565,000","263,503,000","260,200,000","222,000,000","197,700,000","163,800,000","118,400,000","113,800,000","103,200,000","99,500,000","100,900,000","100,900,000","90,700,000",,
				InterestIncomeFromLoans,,,,,,,,,,"341,268,000","322,773,000",,"352,687,000","318,015,000","288,553,000","240,966,000","208,307,000","356,036,000","374,565,000","263,503,000","260,200,000","222,000,000","197,700,000","163,800,000","118,400,000","113,800,000","103,200,000","99,500,000","100,900,000","100,900,000","90,700,000",,
			InterestIncomeFromSecurities,"156,381,000","158,000,000","147,000,000","117,469,000","80,864,000","64,553,000","59,159,000","49,171,000","53,519,000","49,425,000","50,449,000","57,658,000","56,702,000","50,250,000","52,609,000","55,816,000","46,127,000","67,094,000","50,638,000","29,060,000","29,400,000","31,400,000","34,700,000","28,500,000","19,700,000","20,200,000","20,700,000","25,100,000","23,000,000","20,400,000","17,500,000",,
			OtherInterestIncome,,"4,000,000","1,000,000","902,000","444,000","117,000","94,000","129,000","210,000","275,000","428,000","77,000","392,000","625,000","1,260,000","407,000","14,000","183,000","1,581,000","4,130,000","1,300,000","1,500,000","3,600,000","3,200,000","900,000","1,400,000","1,000,000","900,000","1,900,000","2,900,000","4,300,000",,
		InterestExpense,"324,509,000","330,000,000","238,000,000","133,892,000","67,451,000","48,573,000","42,686,000","44,344,000","59,055,000","74,617,000","88,731,000","121,179,000","157,989,000","174,053,000","153,585,000","108,780,000","84,390,000","129,836,000","145,671,000","125,667,000","135,300,000","106,500,000","103,400,000","84,500,000","58,300,000","58,100,000","50,200,000","55,300,000","62,500,000","72,800,000","69,300,000",,
			InterestExpenseForDeposit,"216,467,000","217,000,000","142,000,000","71,582,000","41,239,000","31,207,000","29,603,000","29,441,000","42,513,000","53,535,000","64,524,000","85,699,000","111,568,000","124,276,000","106,679,000","66,112,000","52,400,000","93,315,000","114,104,000","106,608,000","110,300,000","90,300,000","92,000,000","74,700,000","52,000,000","51,600,000","44,300,000","49,600,000","56,500,000","66,500,000","64,000,000",,
			InterestExpenseForShortTermDebt,"67,760,000","80,000,000","75,000,000","43,969,000","12,183,000","7,075,000","5,638,000","4,423,000","5,162,000","6,711,000","8,143,000","8,520,000","13,030,000","19,435,000","15,785,000","14,501,000","7,278,000","9,810,000","10,878,000","11,695,000","16,900,000","11,300,000","6,800,000","6,200,000","2,800,000","3,200,000","3,100,000","3,000,000","3,500,000","4,400,000","3,900,000",,
			InterestExpenseForLongTermDebtAndCapitalSecurities,"40,282,000","33,000,000","21,000,000","18,341,000","14,029,000","10,291,000","7,445,000","10,480,000","11,380,000","14,371,000","16,064,000","26,960,000","33,391,000","30,342,000","31,121,000","28,167,000","24,712,000","26,711,000","20,689,000","7,364,000","8,100,000","4,900,000","4,600,000","3,600,000","3,500,000","3,300,000","2,900,000","2,800,000","2,500,000","1,800,000","1,400,000",,
			InterestExpenseForFederalFundsSoldAndSecuritiesPurchaseUnderAgreementsToResell,,,,,,"1,094,000","1,816,000","1,850,000","2,506,000",,,,,,,,,,,,,,,,,,,,,,,,
			OtherInterestExpense,,,,,,,,,,,,,,,,,,,,,,,,,,,"100,000","100,000",,"100,000",,,
	NonInterestIncome,"231,630,000","230,000,000","210,000,000","196,424,000","149,888,000","121,590,000","120,361,000","101,679,000","100,437,000","120,141,000","118,382,000","114,017,000","103,304,000","81,727,000","79,275,000","57,947,000","78,141,000","130,571,000","120,873,000","82,799,000","55,600,000","46,900,000","31,700,000","23,100,000","15,300,000","15,000,000","14,400,000","16,000,000","13,400,000","10,900,000","7,900,000",,
		TotalPremiumsEarned,"12,177,000","12,000,000","13,000,000","11,693,000","10,150,000","8,010,000","7,716,000","6,874,000","6,485,000","5,191,000","4,941,000","5,677,000",,,,,,,,,,,,,,,,,,,,,
		FeesAndCommissions,"153,252,000","157,000,000","144,000,000","145,644,000","134,292,000","95,465,000","86,340,000","86,051,000","82,077,000","99,420,000","92,110,000","93,679,000","90,486,000","69,724,000","66,692,000","64,379,000","57,389,000","62,320,000","56,275,000","31,319,000","26,500,000","24,200,000","22,100,000","13,400,000","8,300,000","12,800,000","12,200,000","12,000,000","9,500,000","7,700,000","6,700,000",,
			FeesandCommissionIncome,"219,148,000","221,000,000","210,000,000","201,757,000","178,029,000","130,163,000","119,548,000","116,308,000","110,115,000","99,420,000","92,110,000","93,679,000","90,486,000","69,724,000","66,692,000","64,379,000","57,389,000","62,320,000","56,275,000","31,319,000","26,500,000","24,200,000","22,100,000","13,400,000","8,300,000","12,800,000","12,200,000","12,000,000","9,500,000","7,700,000","6,700,000",,
				ServiceChargeOnDepositorAccounts,"172,647,000","176,000,000","166,000,000","163,350,000","129,467,000","95,587,000","88,730,000","88,271,000","86,481,000","61,891,000","56,780,000","57,736,000",,,,,,,,,,,,,,,,"6,300,000","4,600,000","3,900,000","3,200,000",,
				TrustFeesbyCommissions,"28,962,000","28,000,000","26,000,000","23,121,000","21,173,000","20,934,000","19,365,000","16,751,000","15,239,000","14,782,000","12,719,000","11,811,000","12,095,000","8,577,000","7,780,000","7,125,000","6,926,000","10,065,000","9,334,000","4,738,000","4,500,000","3,900,000","1,900,000","1,500,000","1,500,000","1,400,000","1,500,000","5,700,000","4,900,000","900,000","900,000",,
				SecuritiesActivities,"17,539,000","17,000,000","18,000,000","15,286,000","13,468,000","13,642,000","11,453,000","11,286,000","8,395,000",,,,,,,,,,,,,,,,,,,,,,,,
				OtherCustomerServices,,,,,"13,921,000",,,,,"22,747,000","22,611,000","24,132,000","78,391,000","61,147,000","58,912,000","57,254,000","50,463,000","52,255,000","46,941,000","26,581,000","22,000,000","20,300,000","20,200,000","11,900,000","6,800,000","11,400,000","10,700,000",,,"2,900,000","2,600,000",,
			FeesandCommissionExpense,"65,896,000","64,000,000","66,000,000","56,113,000","43,737,000","34,698,000","33,208,000","30,257,000","28,038,000",,,,,,,,,,,,,,,,,,,,,,,,
		DividendIncome,"18,678,000","19,000,000","16,000,000","88,000","34,000","39,000","228,000","103,000","375,000","157,000","71,000","146,000",,,,,,,,,,,,,,,,,,,,,
		GainLossonSaleofAssets,"53,000","0","0","5,916,000","-7,458,000","-5,339,000","6,784,000","-3,164,000","617,000","6,420,000","6,722,000","3,589,000","2,658,000","2,870,000","3,409,000","-10,310,000","6,511,000","10,842,000","8,383,000","7,392,000","2,500,000","3,900,000","4,700,000","2,600,000","1,100,000","500,000","1,300,000","2,400,000","3,600,000","1,600,000","300,000",,
			GainOnSaleOfSecurity,"53,000","0","0","5,916,000","712,000","822,000","11,717,000","781,000","93,000","3,652,000","2,960,000","528,000","834,000","1,155,000","1,802,000","-11,703,000","607,000","2,392,000","1,915,000","1,157,000","200,000","1,700,000","1,400,000","1,200,000","800,000","500,000","1,300,000","500,000","1,400,000","1,600,000","300,000",,
			GainonSaleofLoans,,,,,"-8,170,000","-6,161,000","-4,933,000","-3,945,000","524,000","2,768,000","3,762,000","3,061,000",,,,,,,,,,,,,,,,,,,,,
			GainonSaleofInvestmentProperty,,,,,,,,,,,,,"1,824,000","1,715,000","1,607,000","1,393,000","5,904,000","8,450,000","6,468,000","6,235,000","2,300,000","2,200,000","3,300,000","1,400,000","300,000",,,"1,900,000","2,200,000",,,,
		OtherNonInterestIncome,"47,470,000","42,000,000","37,000,000","33,083,000","12,870,000","23,415,000","19,293,000","11,815,000","10,883,000","8,953,000","14,538,000","10,926,000","10,160,000","9,133,000","9,174,000","3,878,000","14,241,000","57,409,000","56,215,000","44,088,000","26,600,000","18,800,000","4,900,000","7,100,000","5,900,000","1,700,000","900,000","1,600,000","300,000","1,600,000","900,000",,
CreditLossesProvision,"-77,838,000","-44,000,000","-61,000,000","-61,073,000","-55,752,000","-40,441,000","-38,648,000","-31,090,000","-31,302,000","-33,641,000","-47,323,000","-66,802,000","-72,371,000","-12,693,000","-10,412,000","-12,176,000","-16,280,000","-24,339,000","-19,094,000","-12,915,000","-10,900,000","-9,200,000","-7,300,000","-10,600,000","-6,100,000","-5,700,000","-8,500,000","-9,500,000","-15,100,000","-5,400,000","-3,300,000",,
NonInterestExpense,"658,996,000","632,000,000","629,000,000","568,915,000","421,787,000","346,657,000","331,501,000","295,758,000","280,034,000","278,752,000","250,483,000","255,339,000","217,980,000","165,404,000","159,950,000","157,075,000","138,661,000","315,323,000","289,444,000","174,830,000","137,500,000","129,700,000","109,200,000","88,200,000","62,800,000","60,000,000","60,300,000","61,700,000","51,900,000","43,300,000","35,900,000",,
	OccupancyAndEquipment,"128,494,000","121,000,000","115,000,000","103,148,000","78,132,000","65,539,000","61,526,000","51,688,000","46,898,000","40,838,000","38,261,000","38,249,000","34,245,000","27,737,000","27,563,000","25,577,000","24,346,000","22,882,000","17,979,000","11,254,000","9,300,000","19,800,000","16,500,000","13,500,000","8,200,000","8,200,000","8,300,000","4,300,000","6,900,000","6,000,000","5,400,000",,
		NetOccupancyExpense,"65,448,000","59,000,000","60,000,000","53,787,000","40,086,000","33,670,000","32,281,000","26,474,000","24,578,000","21,805,000","20,049,000","20,258,000",,,,,,,,,,,,,,,,,,,,,
		Equipment,"63,046,000","62,000,000","55,000,000","49,361,000","38,046,000","31,869,000","29,245,000","25,214,000","22,320,000","19,033,000","18,212,000","17,991,000",,,,,,,,,,,,,,,,,,,,,
	ProfessionalExpenseAndContractServicesExpense,,,,,,,,,,"21,840,000","22,628,000",,,,,,,,,,,,,,,,,,,,,,
	SellingGeneralAndAdministration,"410,360,000","398,000,000","403,000,000","389,844,000","287,135,000","237,650,000","228,910,000","208,462,000","193,425,000","176,149,000","153,762,000","184,250,000","124,176,000","92,442,000","89,052,000","86,899,000","76,166,000","174,763,000","146,907,000","102,631,000","79,100,000","73,000,000","60,300,000","48,600,000","32,200,000","31,400,000","29,800,000","27,900,000","24,200,000","20,600,000","17,500,000",,
		GeneralAndAdministrativeExpense,"410,360,000","398,000,000","403,000,000","378,339,000","276,994,000","229,254,000","221,086,000","202,113,000","188,434,000","169,774,000","148,601,000","178,929,000","119,587,000","89,528,000","86,207,000","83,689,000","74,024,000","170,900,000","143,210,000","99,933,000","76,600,000","70,200,000","57,900,000","46,400,000","30,400,000","29,100,000","27,700,000","27,900,000","24,200,000","20,600,000","17,500,000",,
			SalariesAndWages,"387,805,000","375,000,000","370,000,000","326,893,000","239,798,000","202,068,000","195,016,000","179,971,000","168,219,000","149,817,000","126,259,000","126,865,000","116,819,000","87,219,000","83,649,000","81,035,000","71,328,000","164,086,000","135,215,000","91,922,000","76,600,000","70,200,000","57,900,000","46,400,000","30,400,000","29,100,000","27,700,000","27,900,000","24,200,000","20,600,000","17,500,000",,
			InsuranceAndClaims,"22,555,000","23,000,000","33,000,000","32,902,000","19,203,000","12,888,000","13,258,000","10,192,000","8,077,000","8,025,000","10,526,000","16,409,000","2,768,000","2,309,000","2,558,000","2,654,000","2,696,000","6,814,000","7,995,000","8,011,000",,,,,,,,,,,,,
			OtherGandA,,,,"18,544,000","17,993,000","14,298,000","12,812,000","11,950,000","12,138,000","11,932,000","11,816,000","35,655,000",,,,,,,,,,,,,,,,,,,,,
		SellingAndMarketingExpense,,,,"11,505,000","10,141,000","8,396,000","7,824,000","6,349,000","4,991,000","6,375,000","5,161,000","5,321,000","4,589,000","2,914,000","2,845,000","3,210,000","2,142,000","3,863,000","3,697,000","2,698,000","2,500,000","2,800,000","2,400,000","2,200,000","1,800,000","2,300,000","2,100,000",,,,,,
	DepreciationAmortizationDepletionIncomeStatement,"13,339,000","14,000,000","16,000,000","17,517,000","11,210,000","8,305,000","9,717,000","8,407,000","9,135,000","7,228,000","6,714,000","7,088,000",,,,,,,,,,,,,,,,,,,,,
		DepreciationAndAmortizationInIncomeStatement,"13,339,000","14,000,000","16,000,000","17,517,000","11,210,000","8,305,000","9,717,000","8,407,000","9,135,000","7,228,000","6,714,000","7,088,000",,,,,,,,,,,,,,,,,,,,,
			Amortization,"13,339,000","14,000,000","16,000,000","17,517,000","11,210,000","8,305,000","9,717,000","8,407,000","9,135,000","7,228,000","6,714,000","7,088,000",,,,,,,,,,,,,,,,,,,,,
				AmortizationOfIntangiblesIncomeStatement,"13,339,000","14,000,000","16,000,000","17,517,000","11,210,000","8,305,000","9,717,000","8,407,000","9,135,000","7,228,000","6,714,000","7,088,000",,,,,,,,,,,,,,,,,,,,,
	OtherNonInterestExpense,"106,803,000","99,000,000","95,000,000","58,406,000","45,310,000","35,163,000","31,348,000","27,201,000","30,576,000","32,697,000","29,118,000","25,752,000","59,559,000","45,225,000","43,335,000","44,599,000","38,149,000","117,678,000","124,558,000","60,945,000","49,100,000","36,900,000","32,400,000","26,100,000","22,400,000","20,400,000","22,200,000","29,500,000","20,800,000","16,700,000","13,000,000",,
SpecialIncomeCharges,,"0","0","-56,513,000","-37,439,000","-3,033,000","-9,611,000","-8,210,000","-7,394,000","-5,048,000","-2,959,000","-7,893,000","-21,913,000","-328,000","-564,000",,"-3,926,000",,,,,,,,,,,,,,,,
	RestructuringAndMergernAcquisition,,"0","0","56,513,000","37,439,000","3,033,000","9,611,000","8,210,000","7,394,000","4,982,000","620,000","0","4,724,000","210,000","564,000",,"1,681,000",,,,,,,,,,,,,,,,
	ImpairmentOfCapitalAssets,,,,,,,,,,"66,000","2,339,000","7,893,000",,,,,,,,,,,,,,,,,,,,,
	OtherSpecialCharges,,,,,,,,,,,,,"17,189,000","118,000",,,"2,245,000",,,,,,,,,,,,,,,,
OtherNonOperatingIncomeExpenses,,,,,,,,,,"66,000","2,339,000","7,893,000",,,,,,,,,,,,,,,,,,,,,
PretaxIncome,"413,427,000","471,000,000","452,000,000","356,269,000","246,388,000","229,642,000","206,670,000","162,560,000","154,183,000","119,051,000","102,536,000","50,380,000","42,832,000","98,139,000","97,186,000","77,105,000","89,332,000","84,386,000","93,448,000","66,080,000","62,800,000","56,500,000","47,900,000","35,300,000","27,100,000","26,700,000","20,200,000","15,000,000","9,800,000","13,600,000","11,900,000",,
TaxProvision,"73,010,000","84,000,000","79,000,000","157,065,000","75,497,000","69,993,000","62,620,000","44,756,000","43,773,000","32,004,000","27,884,000","9,269,000","7,237,000","28,461,000","29,537,000","21,847,000","27,537,000","25,597,000","30,113,000","21,508,000","20,100,000","17,200,000","16,000,000","11,000,000","8,700,000","8,600,000","6,700,000","4,500,000","3,000,000","3,600,000","2,800,000",,
NetIncomeCommonStockholders,"332,407,000","379,000,000","365,000,000","191,163,000","162,850,000","151,608,000","135,698,000","117,804,000","110,410,000","87,047,000","74,652,000","32,803,000","35,595,000","69,678,000","67,649,000","55,258,000","61,795,000","58,727,000","63,088,000","44,279,000","42,400,000","38,900,000","31,400,000","33,100,000","17,600,000","17,300,000","13,500,000","10,500,000","6,800,000","10,000,000","9,100,000","8,500,000","7,700,000"
	NetIncome,"340,417,000","387,000,000","373,000,000","199,204,000","170,891,000","159,649,000","144,050,000","117,804,000","110,410,000","87,047,000","74,652,000","41,111,000","35,595,000","69,678,000","67,649,000","55,258,000","61,795,000","58,789,000","63,335,000","44,572,000","42,700,000","39,300,000","31,900,000","33,100,000","18,400,000","18,100,000","13,500,000","10,500,000","6,800,000","10,000,000","9,100,000","8,600,000","7,800,000"
		NetIncomeIncludingNoncontrollingInterests,"340,417,000","387,000,000","373,000,000","199,204,000","170,891,000","159,649,000","144,050,000","117,804,000","110,410,000","87,047,000","74,652,000","41,111,000","35,595,000","69,678,000","67,649,000","55,258,000","61,795,000","58,789,000","63,335,000","44,572,000","42,700,000","39,300,000","31,900,000","33,100,000","18,400,000","18,100,000","13,500,000","10,500,000","6,800,000","10,000,000","9,100,000","8,600,000","7,800,000"
			NetIncomeContinuousOperations,"340,417,000","387,000,000","373,000,000","199,204,000","170,891,000","159,649,000","144,050,000","117,804,000","110,410,000","87,047,000","74,652,000","41,111,000","35,595,000","69,678,000","67,649,000","55,258,000","61,795,000","58,789,000","63,335,000","44,572,000","42,700,000","39,300,000","31,900,000","24,300,000","18,400,000","18,100,000","13,500,000","10,500,000","6,800,000","10,000,000","9,100,000","8,600,000","7,800,000"
			NetIncomeExtraordinary,,,,,,"-7,635,000","-6,899,000","-6,969,000","-7,382,000",,,,,,,,,,,,,,,"8,800,000",,,,,,,,,
	PreferredStockDividends,"8,010,000","8,000,000","8,000,000","8,041,000","8,041,000","8,041,000","8,352,000",,,,,"8,308,000",,,,,,"62,000","247,000","293,000","300,000","400,000","500,000",,"800,000","800,000",,,,,,,
DilutedNIAvailtoComStockholders,"332,407,000","379,000,000","365,000,000","191,163,000","162,850,000","151,608,000","135,698,000","117,804,000","110,410,000","87,047,000","74,652,000","32,803,000","35,595,000","69,678,000","67,649,000","55,258,000","61,795,000","58,727,000","63,088,000","44,279,000","42,400,000","38,900,000","31,400,000","33,100,000","17,600,000","17,300,000","13,500,000","10,500,000","6,800,000","10,000,000","9,100,000","8,500,000","7,700,000"
BasicEPS,,"1.17","1.13","0.63","0.79","0.87","0.81","0.81","0.79","0.7","0.66","0.32","0.44","1.16","1.15","0.99","1.31","1.27","1.371","1.569","1.667","1.538","1.371","1.716","1.44","1.354","0.715","0.633","0.484","0.789","0.797","0.752","0.692"
DilutedEPS,,"1.16","1.12","0.63","0.78","0.86","0.8","0.8","0.79","0.7","0.65","0.32","0.44","1.15","1.14","0.98","1.29","1.25","1.343","1.524","1.624","1.481","1.316","1.627","1.373","1.286","0.707","0.633","0.484","0.789","0.797","0.752","0.692"
BasicAverageShares,,"324,109,402","322,846,903","303,433,333","206,139,241","174,262,069","167,528,395","145,437,037","139,135,272","124,145,924","113,923,612","102,580,415","80,654,153","60,067,241","58,825,217","55,816,162","47,171,756","46,241,732","46,001,667","28,218,264","25,431,762","25,285,130","22,900,138","19,285,724","12,178,710","12,699,759","13,573,097","13,791,399","14,053,129","12,672,794","11,424,468","11,305,146","11,122,073"
DilutedAverageShares,,"326,061,000","325,623,603","303,857,976","207,768,609","176,338,953","169,078,845","147,809,504","140,640,165","125,012,078","114,281,733","102,849,334","80,997,987","60,589,565","59,341,228","56,385,714","47,903,101","46,981,600","46,980,426","29,058,094","26,108,138","26,268,441","23,854,310","20,347,324","12,818,306","13,452,621","14,010,923","13,791,399","14,053,129","12,672,794","11,424,468","11,305,146","11,122,073"
InterestIncomeAfterProvisionForLoanLoss,"840,793,000","873,000,000","871,000,000","785,273,000","555,726,000","457,742,000","427,421,000","364,849,000","341,174,000","282,710,000","237,596,000","199,595,000","179,421,000","182,144,000","178,425,000","176,233,000","153,778,000","269,138,000","262,019,000","158,111,000","144,700,000","139,200,000","125,300,000","100,400,000","74,600,000","71,600,000","66,200,000","60,700,000","48,200,000","46,000,000","39,900,000",,
NetIncomeFromContinuingAndDiscontinuedOperation,"340,417,000","387,000,000","373,000,000","199,204,000","170,891,000","159,649,000","144,050,000","117,804,000","110,410,000","87,047,000","74,652,000","41,111,000","35,595,000","69,678,000","67,649,000","55,258,000","61,795,000","58,789,000","63,335,000","44,572,000","42,700,000","39,300,000","31,900,000","24,300,000","18,400,000","18,100,000","13,500,000","10,500,000","6,800,000","10,000,000","9,100,000","8,600,000","7,800,000"
NormalizedIncome,"340,417,000","387,000,000","373,000,000","233,111,800","196,873,666","161,756,935","150,748,867","123,756,250","115,704,104","90,737,966.527","76,806,319.146","47,551,832.136","52,289,713.182","68,693,239.752","66,922,991.038","54,259,693.872","60,426,727.6","52,902,157.988","58,951,270.225","40,366,394.37","41,136,146.497","37,769,734.513","29,702,296.451","23,336,260.623","18,196,309.963","18,100,000","13,500,000","9,170,000","5,273,469.388","10,000,000","9,100,000","8,600,000","7,800,000"
ReconciledDepreciation,"13,339,000","45,000,000","109,000,000","88,797,000","60,503,000","43,949,000","40,119,000","70,759,000","31,827,000","22,496,000","27,934,000","25,858,000","20,970,000","13,433,000","14,467,000","15,315,000","14,620,000","31,974,000","20,232,000","13,918,000","12,600,000","11,300,000","8,600,000","6,900,000","4,100,000","4,700,000","6,200,000","7,700,000","6,200,000","3,900,000","3,300,000",,
NetIncomeFromContinuingOperationNetMinorityInterest,"340,417,000","387,000,000","373,000,000","199,204,000","170,891,000","159,649,000","144,050,000","117,804,000","110,410,000","87,047,000","74,652,000","41,111,000","35,595,000","69,678,000","67,649,000","55,258,000","61,795,000","58,789,000","63,335,000","44,572,000","42,700,000","39,300,000","31,900,000","24,300,000","18,400,000","18,100,000","13,500,000","10,500,000","6,800,000","10,000,000","9,100,000","8,600,000","7,800,000"
TotalUnusualItemsExcludingGoodwill,,"0","0","-56,513,000","-37,439,000","-3,033,000","-9,611,000","-8,210,000","-7,394,000","-5,048,000","-2,959,000","-7,893,000","-20,089,000","1,387,000","1,043,000","1,393,000","1,978,000","8,450,000","6,468,000","6,235,000","2,300,000","2,200,000","3,300,000","1,400,000","300,000",,,"1,900,000","2,200,000",,,,
TotalUnusualItems,,"0","0","-56,513,000","-37,439,000","-3,033,000","-9,611,000","-8,210,000","-7,394,000","-5,048,000","-2,959,000","-7,893,000","-20,089,000","1,387,000","1,043,000","1,393,000","1,978,000","8,450,000","6,468,000","6,235,000","2,300,000","2,200,000","3,300,000","1,400,000","300,000",,,"1,900,000","2,200,000",,,,
TaxRateForCalcs,"0.177","0.177","0.176","0.4","0.306","0.305","0.303","0.275","0.284","0.269","0.272","0.184","0.169","0.29","0.304","0.283","0.308","0.303","0.322","0.325","0.32","0.304","0.334","0.312","0.321","0.322","0.332","0.3","0.306","0.265","0.235","0.4","0.4"
TaxEffectOfUnusualItems,"0","0","0","-22,605,200","-11,456,334","-925,065","-2,912,133","-2,257,750","-2,099,896","-1,357,033.473","-804,680.854","-1,452,167.864","-3,394,286.818","402,239.752","316,991.038","394,693.872","609,727.6","2,563,157.988","2,084,270.225","2,029,394.37","736,146.497","669,734.513","1,102,296.451","436,260.623","96,309.963","0","0","570,000","673,469.388","0","0","0","0"