name,ttm,12/31/2019,12/31/2018,12/31/2017,12/31/2016,12/31/2015,09/30/2015,09/30/2014,09/30/2013,09/30/2012,09/30/2011,09/30/2010,09/30/2009,09/30/2008,09/30/2007,09/30/2006,09/30/2005,09/30/2004,09/30/2003,09/30/2002,09/30/2001,09/30/2000,09/30/1999,09/30/1998,09/30/1997
TotalRevenue,"2,659,069,000","2,823,901,000","2,908,565,000","2,750,816,000","2,585,070,000",,"2,415,472,000","2,359,994,000","2,184,303,000","1,948,253,000","1,726,041,000","1,311,463,000","1,038,319,000","1,249,711,000","964,429,000","773,946,904.89","653,170,624.866","532,831,241.129","466,020,558.066","378,476,027.22","320,144,168.675","305,649,846.246","227,515,710.161","141,143,295.775","86,976,365.282"
	OperatingRevenue,"2,659,069,000","2,823,901,000","2,908,565,000","2,750,816,000","2,585,070,000",,"2,415,472,000","2,359,994,000","2,184,303,000","1,948,253,000","1,726,041,000","1,311,463,000","1,038,319,000","1,249,711,000","964,429,000","773,946,904.89","653,170,624.866","532,831,241.129","466,020,558.066","378,476,027.22","320,144,168.675","305,649,846.246","227,515,710.161","141,143,295.775","86,976,365.282"
CostOfRevenue,"2,008,802,000","2,119,440,000","2,102,612,000","1,949,597,000","1,865,367,000",,"1,830,135,000","1,701,311,000","1,550,266,000","1,552,128,000","1,288,293,000","947,206,000","807,986,000","847,392,000","655,280,000","521,605,119.112","450,101,152.539","378,315,043.729","325,619,893.209","272,200,913.015","252,737,311.351","218,444,669.196","167,864,028.219","107,962,592.204","67,581,635.298"
GrossProfit,"650,267,000","704,461,000","805,953,000","801,219,000","719,703,000",,"585,337,000","658,683,000","634,037,000","396,125,000","437,748,000","364,257,000","230,333,000","402,319,000","309,149,000","252,341,785.778","203,069,472.326","154,516,197.401","140,400,664.857","106,275,114.206","67,406,857.324","87,205,177.05","59,651,681.943","33,180,703.57","19,394,729.984"
OperatingExpense,"321,446,000","340,487,000","368,546,000","377,323,000","336,433,000",,"315,168,000","286,015,000","282,563,000","226,035,000","199,132,000","154,674,000","134,785,000","210,385,000","125,372,000","116,885,311.66","100,406,412.076","85,086,758.538","52,621,673.31","40,280,188.4","48,240,167.406","38,398,041.134","31,074,828.741","16,339,742.548","10,697,093.528"
	SellingGeneralAndAdministration,"321,446,000","340,487,000","368,546,000","377,323,000","336,433,000",,"315,168,000","286,015,000","282,563,000","226,035,000","199,132,000","154,674,000","134,785,000","151,453,000","110,979,000","84,470,610.783","74,818,065.626","62,834,631.578","52,621,673.31","40,280,188.4","48,240,168.041","32,154,555.378","26,378,633.2","13,633,159.515","8,997,554.655"
		GeneralAndAdministrativeExpense,,"121,273,000","135,735,000","141,325,000","121,702,000",,,"107,543,000","115,526,000","89,601,000",,,,,,,,,,,,,,,
			OtherGandA,,"121,273,000","135,735,000","141,325,000","121,702,000",,,"107,543,000","115,526,000","89,601,000",,,,,,,,,,,,,,,
		SellingAndMarketingExpense,,"219,214,000","232,811,000","235,998,000","214,731,000",,,"178,472,000","167,037,000","136,434,000",,,,,,,,,,,,,,,
	DepreciationAmortizationDepletionIncomeStatement,,,,,,,,,,,,,,"58,932,000","38,777,000","32,414,700.878","25,588,345.59","22,252,126.959","17,464,301.086","11,084,645.096","10,278,097.02","6,243,485.756","4,696,196.222","2,706,583.033","1,699,538.15"
		DepreciationAndAmortizationInIncomeStatement,,,,,,,,,,,,,,"58,932,000","38,777,000","32,414,700.878","25,588,345.59","22,252,126.959","17,464,301.086","11,084,645.096","10,278,097.02","6,243,485.756","4,696,196.222","2,706,583.033","1,699,538.15"
			Amortization,,,,,,,,,,,,,,"58,932,000",,,,,,,,,,,
				AmortizationOfIntangiblesIncomeStatement,,,,,,,,,,,,,,"58,932,000",,,,,,,,,,,
	OtherOperatingExpenses,,,,,,,,,,,,,,,"-24,384,000",,"0.86",,"-17,464,301.086","-11,084,645.096","-10,278,097.654",,"-0.681",,"0.724"
OperatingIncome,"328,821,000","363,974,000","437,407,000","423,896,000","383,270,000",,"270,169,000","372,668,000","351,474,000","170,090,000","238,616,000","209,583,000","95,548,000","191,934,000","183,777,000","135,456,474.118","102,663,060.25","69,429,438.863","87,778,991.547","65,994,925.806","19,166,689.918","48,807,135.916","28,576,853.201","16,840,961.022","8,697,636.456"
NetNonOperatingInterestIncomeExpense,"-39,656,000","-40,097,000","-32,528,000","-25,462,000","-19,252,000",,"-10,790,000","-5,683,000","-7,885,000","-11,315,000","-5,072,000","-1,828,000","-1,824,000",,,,,,,,,,,,
	InterestIncomeNonOperating,,,,,,,,,,,,"212,000",,,,,,,,,,,,,
	InterestExpenseNonOperating,"32,231,000","32,087,000","25,056,000","17,437,000","12,904,000",,"7,035,000","2,384,000","4,211,000","7,639,000","5,072,000","2,040,000","1,824,000",,,,,,,,,,,,
	TotalOtherFinanceCost,"7,425,000","8,010,000","7,472,000","8,025,000","6,348,000",,"3,755,000","3,299,000","3,674,000","3,676,000",,,,,,,,,,,,,,,
OtherIncomeExpense,"-163,123,000","-74,052,000","-32,745,000","-21,618,000","-12,180,000",,"-18,183,000","-461,000","-12,870,000","-14,648,000","-9,382,000","-11,414,000","-4,071,000","-5,719,000","-28,012,000","-20,405,956.475","-10,714,838.515",,,,,"-1,560,623.669","-399,676.549","-501,219.129",
	GainOnSaleOfSecurity,"1,761,000","929,000","1,483,000","1,276,000","-434,000",,"-4,586,000","2,786,000","-4,128,000","-283,000","1,098,000","1,077,000",,,,,,,,,,,,,
	EarningsFromEquityInterest,,,,,,,,"0","46,000","597,000","-504,000","-3,786,000",,"-230,000",,,,,,,,,,,
	SpecialIncomeCharges,"-164,884,000","-74,981,000","-34,228,000","-22,894,000","-11,746,000",,"-13,597,000","-3,247,000","-8,788,000","-14,962,000","-9,976,000","-8,705,000","-4,071,000","-5,489,000","-28,012,000","-20,405,956.475","-10,714,838.515",,,,,"-1,560,623.669","-399,676.549","-501,219.129",
		RestructuringAndMergernAcquisition,"46,914,000","47,329,000","34,228,000","22,894,000","11,746,000",,"13,597,000","3,247,000","8,788,000","14,962,000","8,465,000","8,705,000","6,199,000","5,489,000","13,619,000","20,405,956.475",,,,,,,,,
		WriteOff,"23,981,000","27,652,000",,,,,,,,,,,,,,,,,,,,,,,
		OtherSpecialCharges,,,,,,,,,,,"1,511,000",,"-2,128,000",,"14,393,000",,,,,,,,,,
PretaxIncome,"126,042,000","249,825,000","372,134,000","376,816,000","351,838,000",,"241,196,000","366,524,000","330,719,000","144,127,000","224,162,000","196,341,000","89,543,000","178,992,000","125,205,000","111,720,260.613","87,304,059.691","63,265,571.405","63,315,958.792","46,503,601.021","246,644.261","40,435,395.367","21,382,680.077","13,031,696.037","6,498,233.676"
TaxProvision,"-11,744,000","-9,984,000","21,360,000","14,482,000","5,200,000",,"3,896,000","6,972,000","10,541,000","-4,337,000","-15,742,000","-1,904,000","-5,786,000","34,400,000","-4,815,000","4,786,680.996","1,350,593.042","3,074,905.446","6,169,342.612","4,607,290.256","-270,767.28","4,090,122.471","4,896,034.156","4,410,727.809","2,399,347.763"
NetIncomeCommonStockholders,"137,786,000","259,809,000","350,774,000","362,334,000","346,638,000",,"237,300,000","359,552,000","320,178,000","148,464,000","239,904,000","198,245,000","95,329,000","144,592,000","130,020,000","106,933,578.721","85,953,466.649","60,190,665.958","57,146,615.44","41,896,310.765","517,412.175","36,345,272.897","16,486,645.92","8,620,968.228","4,098,885.913"
	NetIncome,"137,786,000","259,809,000","350,774,000","362,334,000","346,638,000",,"237,300,000","359,552,000","320,178,000","148,464,000","239,904,000","198,245,000","95,329,000","144,592,000","130,020,000","106,933,578.721","85,953,466.649","60,190,665.958","57,146,615.44","41,896,310.765","517,412.175","36,345,272.897","16,486,645.92","8,620,968.228","4,098,885.913"
		NetIncomeIncludingNoncontrollingInterests,"137,786,000","259,809,000","350,774,000","362,334,000","346,638,000",,"237,300,000","359,552,000","320,178,000","148,464,000","239,904,000","198,245,000","95,439,000","144,592,000","131,298,000","107,193,833.065","85,987,431.299","60,190,665.958","57,146,615.44","41,896,310.765","517,412.175","36,345,272.897","16,486,645.92","8,620,968.228","4,098,885.913"
			NetIncomeContinuousOperations,"137,786,000","259,809,000","350,774,000","362,334,000","346,638,000",,"237,300,000","359,552,000","320,178,000","148,464,000","239,904,000","198,245,000","95,439,000","144,592,000","130,020,000","106,933,578.721","85,953,466.649","60,190,665.958","57,146,615.44","41,896,310.765","517,412.175","36,345,272.897","16,486,645.92","8,620,968.228","4,098,885.913"
		MinorityInterests,,,,,,,,,,,,,"-110,000",,"-1,278,000","-260,254.344","-33,964.65",,,,,,,,
DilutedNIAvailtoComStockholders,"137,786,000","259,809,000","350,774,000","362,334,000","346,638,000",,"237,300,000","359,552,000","320,178,000","148,464,000","239,904,000","198,245,000","95,329,000","144,592,000","130,020,000","106,933,578.721","85,953,466.649","60,190,665.958","57,146,615.44","41,896,310.765","517,412.175","36,345,272.897","16,486,645.92","8,620,968.228","4,098,885.913"
BasicEPS,,"1.27","1.66","1.62","1.47","1.26","0.98","1.475","1.32","0.61","0.985","0.82","0.395","0.6","0.54","0.445","0.359","0.256","0.244","0.184","0.002","0.164","0.089","0.068","0.036"
DilutedEPS,,"1.27","1.66","1.61","1.47","1.25","0.97","1.46","1.305","0.61","0.98","0.815","0.395","0.595","0.535","0.44","0.357","0.253","0.24","0.178","0.002","0.155","0.085","0.066","0.035"
BasicAverageShares,,"204,161,000","211,309,639","223,662,963","235,808,163","242,502,000","242,331,000","243,530,000","242,910,000","242,976,000","243,052,000","242,318,000","241,622,000","240,958,576","240,777,778","240,504,434","239,181,930","235,228,812","234,157,391","228,297,133","225,167,912","222,099,776","185,648,116","127,978,512","115,390,279"
DilutedAverageShares,,"204,609,000","211,309,639","225,052,174","235,808,163","244,321,000","244,233,000","246,358,000","245,416,000","244,136,000","244,566,000","243,960,000","242,870,000","243,243,474","243,028,037","243,238,302","240,853,664","237,557,719","237,759,812","235,368,283","233,810,984","236,895,856","193,837,709","130,836,848","116,758,449"
TotalOperatingIncomeAsReported,"163,937,000","288,993,000","403,179,000","401,002,000","371,524,000",,"256,572,000","369,421,000","342,686,000","155,128,000","230,151,000","200,878,000","89,349,000","186,445,000","170,158,000","115,050,516.747","102,663,061.11","69,429,438.07","87,778,991.547","65,994,926.436","19,166,689.283","48,807,135.25","28,576,852.52","16,840,961.677","8,697,636.456"
TotalExpenses,"2,330,248,000","2,459,927,000","2,471,158,000","2,326,920,000","2,201,800,000",,"2,145,303,000","1,987,326,000","1,832,829,000","1,778,163,000","1,487,425,000","1,101,880,000","942,771,000","1,057,777,000","780,652,000","638,490,430.772","550,507,564.615","463,401,802.266","378,241,566.519","312,481,101.415","300,977,478.757","256,842,710.33","198,938,856.96","124,302,334.753","78,278,728.826"
NetIncomeFromContinuingAndDiscontinuedOperation,"137,786,000","259,809,000","350,774,000","362,334,000","346,638,000",,"237,300,000","359,552,000","320,178,000","148,464,000","239,904,000","198,245,000","95,329,000","144,592,000","130,020,000","106,933,578.721","85,953,466.649","60,190,665.958","57,146,615.44","41,896,310.765","517,412.175","36,345,272.897","16,486,645.92","8,620,968.228","4,098,885.913"
NormalizedIncome,"235,659,800","314,237,220","381,619,790","383,130,516","358,635,300",,"255,192,072","360,004,241","332,680,688","163,251,650","246,518,110","203,737,160","98,219,410","149,026,083.579","147,387,440","126,465,237.163","96,502,546.707","60,190,665.958","57,146,615.44","41,896,310.765","517,412.175","37,748,036.308","16,794,807.747","8,952,543.962","4,098,885.913"
InterestIncome,,,,,,,,,,,,"212,000",,,,,,,,,,,,,
InterestExpense,"32,231,000","32,087,000","25,056,000","17,437,000","12,904,000",,"7,035,000","2,384,000","4,211,000","7,639,000","5,072,000","2,040,000","1,824,000",,,,,,,,,,,,
NetInterestIncome,"-39,656,000","-40,097,000","-32,528,000","-25,462,000","-19,252,000",,"-10,790,000","-5,683,000","-7,885,000","-11,315,000","-5,072,000","-1,828,000","-1,824,000",,,,,,,,,,,,
EBIT,"158,273,000","281,912,000","397,190,000","394,253,000","364,742,000",,"248,231,000","368,908,000","334,930,000","151,766,000","229,234,000","198,381,000","91,367,000","191,934,000","183,777,000","135,456,474.118","102,663,060.25","69,429,438.863","87,778,991.547","65,994,925.806","19,166,689.918","48,807,135.916","28,576,853.201","16,840,961.022","8,697,636.456"
EBITDA,"305,287,000"
ReconciledCostOfRevenue,"2,008,802,000","2,119,440,000","2,102,612,000","1,949,597,000","1,865,367,000",,"1,830,135,000","1,701,311,000","1,550,266,000","1,552,128,000","1,288,293,000","947,206,000","807,986,000","847,392,000","651,787,000","521,605,119.112","450,101,152.539","378,315,043.729","325,619,893.209","272,200,913.015","252,737,311.351","218,444,669.196","167,864,028.219","107,962,592.204","67,581,635.298"
ReconciledDepreciation,"147,014,000","156,794,000","158,076,000","162,150,000","140,597,000",,"116,631,000","95,618,000","95,278,000","94,573,000","79,808,000","69,197,000","62,970,000","58,932,000","42,270,000","32,414,700.878","25,588,345.59","22,252,126.959","17,464,301.086","11,084,645.096","10,278,097.02","6,243,485.756","4,696,196.222","2,706,583.033","1,699,538.15"
NetIncomeFromContinuingOperationNetMinorityInterest,"137,786,000","259,809,000","350,774,000","362,334,000","346,638,000",,"237,300,000","359,552,000","320,178,000","148,464,000","239,904,000","198,245,000","95,329,000","144,592,000","130,020,000","106,933,578.721","85,953,466.649","60,190,665.958","57,146,615.44","41,896,310.765","517,412.175","36,345,272.897","16,486,645.92","8,620,968.228","4,098,885.913"
TotalUnusualItemsExcludingGoodwill,"-163,123,000","-74,052,000","-32,745,000","-21,618,000","-12,180,000",,"-18,183,000","-461,000","-12,916,000","-15,245,000","-8,878,000","-7,628,000","-4,071,000","-5,489,000","-28,012,000","-20,405,956.475","-10,714,838.515",,,,,"-1,560,623.669","-399,676.549","-501,219.129",
TotalUnusualItems,"-163,123,000","-74,052,000","-32,745,000","-21,618,000","-12,180,000",,"-18,183,000","-461,000","-12,916,000","-15,245,000","-8,878,000","-7,628,000","-4,071,000","-5,489,000","-28,012,000","-20,405,956.475","-10,714,838.515",,,,,"-1,560,623.669","-399,676.549","-501,219.129",
NormalizedEBITDA,"468,410,000","512,758,000","588,011,000","578,021,000","517,519,000",,"383,045,000","464,987,000","443,124,000","261,584,000","317,920,000","275,206,000","158,408,000","256,355,000","254,059,000","188,277,131.471","138,966,244.356","91,681,565.823","105,243,292.633","77,079,570.902","29,444,786.937","56,611,245.341","33,672,725.973","20,048,763.184","10,397,174.605"
TaxRateForCalcs,"0.4","0.265","0.058","0.038","0.015",,"0.016","0.019","0.032","0.03","0.255","0.28","0.29","0.192","0.38","0.043","0.015","0.049","0.097","0.099","0.4","0.101","0.229","0.338","0.369"
TaxEffectOfUnusualItems,"-65,249,200","-19,623,780","-1,899,210","-821,484","-182,700",,"-290,928","-8,759","-413,312","-457,350","-2,263,890","-2,135,840","-1,180,590","-1,054,916.421","-10,644,560","-874,298.033","-165,758.458","0","0","0","0","-157,860.258","-91,514.723","-169,643.394","0"