name,ttm,03/31/2020,12/31/2019,09/30/2019,06/30/2019,03/31/2019,12/31/2018,09/30/2018,06/30/2018,03/31/2018,12/31/2017,09/30/2017,06/30/2017,03/31/2017,12/31/2016,09/30/2016,06/30/2016,03/31/2016,12/31/2015,09/30/2015,06/30/2015,03/31/2015,12/31/2014,09/30/2014,06/30/2014,03/31/2014,12/31/2013,09/30/2013,06/30/2013,03/31/2013,12/31/2012,09/30/2012,06/30/2012,03/31/2012,12/31/2011,09/30/2011,06/30/2011,03/31/2011,12/31/2010,09/30/2010,06/30/2010,03/31/2010,12/31/2009,09/30/2009,06/30/2009,03/31/2009,12/31/2008,09/30/2008,06/30/2008,03/31/2008,12/31/2007,09/30/2007,06/30/2007,03/31/2007,12/31/2006,09/30/2006,06/30/2006,03/31/2006,12/31/2005,09/30/2005,06/30/2005,03/31/2005,12/31/2004,09/30/2004,06/30/2004,03/31/2004,12/31/2003,09/30/2003,06/30/2003,03/31/2003,12/31/2002,09/30/2002,06/30/2002,03/31/2002,12/31/2001,09/30/2001,06/30/2001,03/31/2001,12/31/2000,09/30/2000,06/30/2000,03/31/2000,12/31/1999,09/30/1999,06/30/1999,03/31/1999,12/31/1998,09/30/1998,06/30/1998,03/31/1998
TotalRevenue,"1,910,100,000","421,500,000","504,500,000","470,500,000","513,600,000","469,500,000","520,000,000","494,900,000","485,700,000","431,500,000","459,500,000","429,500,000","429,500,000","398,000,000","440,800,000","404,500,000","390,500,000","362,800,000","758,700,000","790,100,000","782,100,000","720,600,000","804,100,000","856,400,000","838,000,000","744,500,000","776,700,000","771,300,000","802,800,000","709,900,000","797,800,000","776,600,000","826,700,000","754,400,000","825,600,000","864,200,000","826,400,000","695,700,000","693,000,000","682,100,000","685,000,000","614,900,000","678,300,000","753,600,000","711,000,000","682,100,000","768,400,000","889,400,000","900,000,000","759,200,000","803,700,000","783,100,000","812,800,000","715,600,000","697,400,000","741,400,000","729,100,000","658,600,000","636,400,000","653,400,000","676,500,000","603,200,000","589,100,000","579,900,000","572,400,000","518,500,000","500,300,000","524,100,000","505,500,000","450,600,000","453,400,000","478,700,000","476,300,000","419,800,000","429,100,000","448,100,000","456,600,000","414,500,000","453,200,000","394,700,000","384,600,000","364,900,000","381,200,000","372,200,000","373,000,000","345,400,000","372,400,000","380,300,000","369,900,000","340,800,000"
	OperatingRevenue,"1,910,100,000","421,500,000","504,500,000","470,500,000","513,600,000","469,500,000","520,000,000","494,900,000","485,700,000","431,500,000","459,500,000","429,500,000","429,500,000","398,000,000","440,800,000","404,500,000","390,500,000","362,800,000","758,700,000","790,100,000","782,100,000","720,600,000","804,100,000","856,400,000","838,000,000","744,500,000","776,700,000","771,300,000","802,800,000","709,900,000","797,800,000","776,600,000","826,700,000","754,400,000","825,600,000","864,200,000","826,400,000","695,700,000","693,000,000","682,100,000","685,000,000","614,900,000","678,300,000","753,600,000","711,000,000","682,100,000","768,400,000","889,400,000","900,000,000","759,200,000","803,700,000","783,100,000","812,800,000","715,600,000","697,400,000","741,400,000","729,100,000","658,600,000","636,400,000","653,400,000","676,500,000","603,200,000","589,100,000","579,900,000","572,400,000","518,500,000","511,300,000","521,000,000","503,400,000","450,600,000","453,400,000","478,700,000","471,600,000","413,500,000","429,100,000","448,100,000","450,300,000","395,700,000","453,200,000","394,700,000","384,600,000","364,900,000","381,200,000","372,200,000","373,000,000","345,400,000","372,400,000","380,300,000","369,900,000","340,800,000"
CostOfRevenue,"1,145,400,000","261,900,000","299,800,000","279,500,000","304,200,000","280,900,000","323,700,000","292,700,000","287,000,000","262,000,000","292,000,000","256,200,000","260,200,000","244,800,000","279,000,000","236,300,000","217,300,000","210,100,000","472,000,000","478,200,000","471,500,000","462,300,000","529,600,000","528,600,000","517,100,000","475,300,000","486,400,000","486,600,000","499,500,000","446,100,000","497,500,000","491,800,000","522,600,000","477,300,000","538,300,000","548,700,000","522,500,000","443,900,000","451,300,000","436,600,000","440,500,000","401,200,000","430,100,000","491,100,000","470,400,000","513,300,000","561,500,000","633,400,000","635,300,000","527,200,000","616,400,000","518,400,000","533,900,000","478,700,000","453,000,000","483,800,000","470,200,000","438,000,000","431,400,000","426,000,000","439,700,000","392,700,000","380,900,000","361,300,000","357,600,000","331,700,000","326,900,000","336,500,000","329,700,000","296,600,000","289,800,000","300,500,000","297,000,000","261,600,000","271,000,000","283,700,000","285,200,000","253,000,000","307,000,000","233,000,000","221,000,000","212,900,000","220,500,000","214,100,000","214,600,000","208,800,000","222,500,000","228,500,000","224,200,000","209,600,000"
GrossProfit,"764,700,000","159,600,000","204,700,000","191,000,000","209,400,000","188,600,000","196,300,000","202,200,000","198,700,000","169,500,000","167,500,000","173,300,000","169,300,000","153,200,000","161,800,000","168,200,000","173,200,000","152,700,000","286,700,000","311,900,000","310,600,000","258,300,000","274,500,000","327,800,000","320,900,000","269,200,000","290,300,000","284,700,000","303,300,000","263,800,000","300,300,000","284,800,000","304,100,000","277,100,000","287,300,000","315,500,000","303,900,000","251,800,000","241,700,000","245,500,000","244,500,000","213,700,000","248,200,000","262,500,000","240,600,000","168,800,000","206,900,000","256,000,000","264,700,000","232,000,000","187,300,000","264,700,000","278,900,000","236,900,000","244,400,000","257,600,000","258,900,000","220,600,000","205,000,000","227,400,000","236,800,000","210,500,000","208,200,000","218,600,000","214,800,000","186,800,000","173,400,000","187,600,000","175,800,000","154,000,000","163,600,000","178,200,000","179,300,000","158,200,000","158,100,000","164,400,000","171,400,000","161,500,000","146,200,000","161,700,000","163,600,000","152,000,000","160,700,000","158,100,000","158,400,000","136,600,000","149,900,000","151,800,000","145,700,000","131,200,000"
OperatingExpense,"361,400,000","88,100,000","91,600,000","89,100,000","92,600,000","90,200,000","96,600,000","164,000,000","98,800,000","84,100,000","114,200,000","100,200,000","96,400,000","79,700,000","129,200,000","91,100,000","84,100,000","81,900,000","186,200,000","153,400,000","154,500,000","151,800,000","250,800,000","148,700,000","159,800,000","158,500,000","80,000,000","160,100,000","173,600,000","165,400,000","525,100,000","168,800,000","190,400,000","177,000,000","172,600,000","182,700,000","184,200,000","161,700,000","168,600,000","157,600,000","161,000,000","161,400,000","190,900,000","176,500,000","185,600,000","202,700,000","253,100,000","188,300,000","208,100,000","178,800,000","146,900,000","203,500,000","208,800,000","185,600,000","262,200,000","209,200,000","231,800,000","186,600,000","190,600,000","172,200,000","182,600,000","163,200,000","204,700,000","181,000,000","166,400,000","154,400,000","35,400,000","191,200,000","147,900,000","130,600,000","184,700,000","143,200,000","125,000,000","126,500,000","114,800,000","120,400,000","111,200,000","122,800,000","111,500,000","107,500,000","118,500,000","119,100,000","115,500,000","113,900,000","114,100,000","109,500,000","122,000,000","115,100,000","112,900,000","112,800,000"
	SellingGeneralAndAdministration,"296,900,000","71,100,000","75,300,000","74,200,000","76,300,000","73,200,000","79,900,000","75,600,000","82,200,000","69,300,000","95,300,000","70,500,000","70,300,000","66,500,000","107,300,000","67,100,000","66,400,000","68,000,000","164,800,000","131,800,000","135,900,000","137,200,000","227,600,000","124,000,000","136,100,000","136,800,000","59,100,000","143,400,000","155,700,000","147,500,000","139,900,000","153,400,000","154,900,000","160,500,000","140,800,000","168,700,000","167,500,000","151,600,000","140,400,000","146,600,000","152,500,000","147,300,000","129,200,000","177,000,000","167,900,000","182,300,000","233,800,000","167,800,000","186,900,000","157,100,000","205,800,000","155,700,000","163,500,000","140,200,000","216,700,000","164,500,000","188,300,000","143,000,000","148,600,000","128,600,000","138,900,000","119,300,000","164,000,000","141,000,000","127,100,000","114,500,000","-3,200,000","153,200,000","108,400,000","91,800,000","145,600,000","106,300,000","89,400,000","91,800,000","78,400,000","87,200,000","79,800,000","90,700,000","77,200,000","74,700,000","85,600,000","85,600,000","83,500,000","81,000,000","81,400,000","75,400,000","81,300,000","80,800,000","78,700,000","80,600,000"
		GeneralAndAdministrativeExpense,,,,,,,,,,,,,,,"107,300,000",,,,"164,800,000","131,800,000","135,900,000",,"227,600,000","124,000,000","136,100,000",,,"143,400,000","155,700,000","147,500,000","139,900,000","153,400,000","154,900,000","160,500,000","140,800,000","168,700,000","167,500,000","151,600,000","140,400,000","146,600,000","152,500,000","147,300,000","129,200,000","177,000,000","167,900,000","182,300,000",,,,,,,,,,,,,,,,,,,,,,,,,,,,,,,,,,,,,,,,,,,,
			SalariesAndWages,,,,,,,,,,,,,,,"500,000",,,,"0","4,500,000","0",,"7,900,000","23,700,000","7,900,000",,,"18,200,000","18,100,000","18,600,000","18,000,000","17,600,000","16,800,000","18,800,000","15,900,000","15,900,000","15,100,000","16,500,000","19,800,000","19,100,000","18,400,000","19,800,000","21,700,000","21,500,000","20,500,000","21,900,000",,,,,,,,,,,,,,,,,,,,,,,,,,,,,,,,,,,,,,,,,,,,
			OtherGandA,,,,,,,,,,,,,,,"107,800,000",,,,"164,800,000","136,300,000","135,900,000",,"235,500,000","147,700,000","144,000,000",,,"125,200,000","137,600,000","128,900,000","121,900,000","135,800,000","138,100,000","141,700,000","124,900,000","152,800,000","152,400,000","135,100,000","120,600,000","127,500,000","134,100,000","127,500,000","107,500,000","155,500,000","147,400,000","160,400,000",,,,,,,,,,,,,,,,,,,,,,,,,,,,,,,,,,,,,,,,,,,,
	ResearchAndDevelopment,"64,500,000","17,000,000","16,300,000","14,900,000","16,300,000","17,000,000","16,200,000","15,700,000","16,100,000","14,700,000","14,100,000","13,300,000","12,900,000","13,200,000","12,600,000","12,100,000","12,400,000","11,700,000","16,400,000","17,400,000","17,900,000","17,900,000","18,200,000","20,500,000","20,300,000","20,500,000","16,700,000","15,000,000","16,600,000","16,900,000","16,600,000","15,400,000","16,000,000","16,500,000","19,400,000","16,800,000","16,700,000","15,600,000","15,400,000","14,800,000","14,800,000","15,300,000","17,300,000","16,600,000","17,600,000","18,600,000","19,300,000","20,500,000","21,200,000","21,700,000","24,600,000","19,500,000","17,700,000","17,800,000","17,700,000","15,500,000","15,100,000","15,500,000","14,100,000","14,900,000","15,100,000","15,100,000","12,300,000","13,100,000","13,000,000","12,700,000","11,800,000","11,900,000","14,200,000","14,100,000","15,100,000","12,400,000","12,300,000","11,900,000","11,800,000","11,400,000","10,700,000","10,200,000","12,400,000","11,200,000","10,800,000","11,300,000","10,600,000","10,600,000","10,100,000","11,100,000","15,500,000","10,900,000","10,600,000","10,400,000"
	DepreciationAmortizationDepletionIncomeStatement,,,,,,,,,,,,,,,,,,,,,,,,,,,,,,,,,,,,,,,,,,,,,,,,,,,,"28,300,000","27,600,000","27,600,000","27,800,000","29,200,000","28,400,000","28,100,000","27,900,000","28,700,000","28,600,000","28,800,000","28,400,000","26,900,000","26,300,000","27,200,000","26,800,000","26,100,000","25,300,000","24,700,000","24,000,000","24,500,000","23,300,000","22,800,000","24,600,000","21,800,000","20,700,000","21,900,000","21,900,000","21,600,000","22,100,000","22,200,000","21,400,000","22,300,000","22,600,000","23,000,000","25,200,000","23,400,000","23,600,000","21,800,000"
		DepreciationAndAmortizationInIncomeStatement,,,,,,,,,,,,,,,,,,,,,,,,,,,,,,,,,,,,,,,,,,,,,,,,,,,,"28,300,000","27,600,000","27,600,000","27,800,000","29,200,000","28,400,000","28,100,000","27,900,000","28,700,000","28,600,000","28,800,000","28,400,000","26,900,000","26,300,000","27,200,000","26,800,000","26,100,000","25,300,000","24,700,000","24,000,000","24,500,000","23,300,000","22,800,000","24,600,000","21,800,000","20,700,000","21,900,000","21,900,000","21,600,000","22,100,000","22,200,000","21,400,000","22,300,000","22,600,000","23,000,000","25,200,000","23,400,000","23,600,000","21,800,000"
	ProvisionForDoubtfulAccounts,,,,,,,"0","0",,,"0","10,000,000",,,,,,,,,,,,,,,,,,,,,,,,,,,,,,,,,,,,,,,,,,,,,,,,,,,,,,,,,,,,,,,,,,,,,,,,,,,,,,
	OtherOperatingExpenses,,,,,,,"500,000","72,700,000","500,000","100,000","4,800,000","6,400,000","13,200,000",,"9,300,000","11,900,000","5,300,000","2,200,000","5,000,000","4,200,000","700,000","-3,300,000","5,000,000","4,200,000","3,400,000","1,200,000","4,200,000","1,700,000","1,300,000","1,000,000","366,800,000",,"19,500,000","-600,000",,"-2,800,000","-4,100,000","-5,500,000",,"-3,800,000","-6,300,000","-1,200,000","44,400,000","-17,100,000","100,000","1,800,000",,,,,,,,,,,,,,,,,,,,,,,,,,,,,,,,,,,,,,,,,,,,
OperatingIncome,"403,300,000","71,500,000","113,100,000","101,900,000","116,800,000","98,400,000","99,700,000","38,200,000","99,900,000","85,400,000","53,300,000","73,100,000","72,900,000","73,500,000","32,600,000","77,100,000","89,100,000","70,800,000","100,500,000","158,500,000","156,100,000","106,500,000","23,700,000","179,100,000","161,100,000","110,700,000","210,300,000","124,600,000","129,700,000","98,400,000","-224,800,000","116,000,000","113,700,000","100,100,000","114,700,000","132,800,000","119,700,000","90,100,000","73,100,000","87,900,000","83,500,000","52,300,000","57,300,000","86,000,000","55,000,000","-33,900,000","-46,200,000","67,700,000","56,600,000","53,200,000","40,400,000","61,200,000","70,100,000","51,300,000","-17,800,000","48,400,000","27,100,000","34,000,000","14,400,000","55,200,000","54,200,000","47,300,000","3,500,000","37,600,000","48,400,000","32,400,000","138,000,000","-3,600,000","27,900,000","23,400,000","-21,100,000","35,000,000","54,300,000","31,700,000","43,300,000","44,000,000","60,200,000","38,700,000","34,700,000","54,200,000","45,100,000","32,900,000","45,200,000","44,200,000","44,300,000","27,100,000","27,900,000","36,700,000","32,800,000","18,400,000"
NetNonOperatingInterestIncomeExpense,"-75,000,000","-18,300,000","-18,500,000","-18,600,000","-19,600,000","-20,000,000","-20,600,000","-20,400,000","-19,900,000","-19,300,000","-19,800,000","-20,100,000","-19,500,000","-19,300,000","-19,900,000","-19,400,000","-19,400,000","-21,800,000","-25,200,000","-25,400,000","-24,900,000","-24,900,000","-24,600,000","-58,100,000","-24,200,000","-18,900,000","-140,200,000","-10,500,000","-10,800,000","-10,300,000","-12,100,000","-11,200,000","-11,000,000","-11,200,000","-9,600,000","-11,100,000","-10,700,000","-10,400,000","-9,200,000","-10,200,000","-11,000,000","-9,900,000","-9,800,000","-9,700,000","-9,600,000","-9,200,000",,,,,,,,,,,,,,,,,,,,,,,,,,,,,,,,,,,,,,,,,,,,
	InterestIncomeNonOperating,,,,,,,,,,,,,"600,000","200,000","0","400,000","400,000","200,000","200,000","100,000","100,000","100,000","100,000","300,000","500,000","500,000","500,000","200,000","100,000","200,000","300,000","300,000","300,000","100,000",,,"300,000",,,,,,,,,,,,,,,,,,,,,,,,,,,,,,,,,,,,,,,,,,,,,,,,,,,,,
	InterestExpenseNonOperating,"75,000,000","18,300,000","18,500,000","18,600,000","19,600,000","20,000,000","20,600,000","20,400,000","19,900,000","19,300,000","19,800,000","20,100,000","20,100,000","19,500,000","19,900,000","19,800,000","19,800,000","22,000,000","25,400,000","25,500,000","25,000,000","25,000,000","24,700,000","58,400,000","24,700,000","19,400,000","140,700,000","10,700,000","10,900,000","10,500,000","12,400,000","11,500,000","11,300,000","11,300,000","10,800,000","11,100,000","11,000,000","10,400,000","10,200,000","10,200,000","11,000,000","9,900,000","9,800,000","9,700,000","9,600,000","9,200,000",,,,,,,,,,,,,,,,,,,,,,,,,,,,,,,,,,,,,,,,,,,,
OtherIncomeExpense,"-122,500,000","4,600,000","-122,900,000","-2,200,000","-2,000,000","-42,900,000","17,400,000","-1,200,000","-16,400,000","2,100,000","-5,300,000","5,700,000","9,700,000","6,700,000","1,800,000","3,000,000","-10,300,000","-17,600,000","-12,500,000","-78,900,000","-20,100,000","-100,000","6,500,000","-1,400,000","-7,900,000","-11,700,000","-22,400,000","-4,600,000","3,200,000","-6,800,000","-14,300,000","6,600,000","2,800,000","3,200,000","-34,800,000","-100,000","3,100,000","-200,000","-7,500,000","-5,700,000","-1,200,000","-2,200,000","-6,500,000","-1,900,000","-5,900,000","-19,100,000","75,500,000","-27,400,000","5,800,000","-8,400,000","-31,500,000","-21,700,000","-20,600,000","-14,200,000","48,000,000","-9,300,000","-1,000,000","-10,300,000","-3,000,000","-4,900,000","19,300,000","-17,500,000","-445,500,000","46,200,000","-7,600,000","-1,300,000","-222,600,000","900,000","-4,700,000","-18,200,000","-4,000,000","-1,100,000","-3,700,000","1,900,000","-100,000","500,000","2,000,000","14,100,000","-191,500,000","7,000,000","15,800,000","10,200,000","29,100,000","10,900,000","10,700,000","8,400,000","-341,800,000","10,200,000","13,400,000","7,800,000"
	GainOnSaleOfSecurity,,,"-2,000,000","-1,100,000","-300,000","-300,000","700,000","-1,100,000","1,800,000",,"-1,300,000","-2,500,000","-1,900,000","-900,000","2,600,000","300,000","500,000","-1,000,000","13,300,000","-600,000","-3,200,000","2,400,000","3,400,000","300,000","-400,000","-1,000,000","-2,400,000","-2,400,000",,"-8,200,000","1,800,000","5,300,000","-16,600,000","200,000",,,"10,100,000",,,,,,,,,,,,,,,,,,,,,,,,,,,,,,,,,,,,,,,,,,,,,,,,,,,,,
	EarningsFromEquityInterest,"24,900,000","1,200,000","13,900,000","3,800,000","6,000,000","4,100,000","12,300,000","5,900,000","8,200,000","5,400,000","8,000,000","4,800,000","6,100,000","7,000,000","11,800,000","8,500,000","2,600,000","6,900,000","8,300,000","3,600,000","2,300,000","6,200,000","6,500,000","6,400,000","3,100,000","3,700,000","5,800,000","2,800,000","9,200,000","5,100,000","4,700,000","4,900,000","3,200,000","5,700,000",,"5,500,000","4,200,000","3,500,000",,,,,,,,,,,,,,,,,,,,,,,,,,,,,,,,,,,,,,,,,,,,,,,,,,,,
	SpecialIncomeCharges,"-66,000,000","-5,400,000","-43,200,000","-8,500,000","-8,900,000","-49,500,000","-13,700,000","-8,900,000","-29,400,000","-6,500,000","-10,600,000","2,200,000","5,200,000","-2,300,000","-10,000,000","-5,600,000","-11,900,000","-24,700,000","-35,000,000","-19,900,000","-19,400,000","-9,300,000","-5,100,000","-7,500,000","-12,300,000","-15,600,000","-30,000,000","-6,500,000","-7,600,000","-5,600,000","-5,600,000","-3,600,000","16,200,000","-2,700,000","-47,400,000","-100,000","-11,200,000","-200,000","-20,900,000","-5,700,000","-1,200,000","-2,200,000","-6,500,000","-1,900,000","-5,900,000","-19,100,000","75,500,000","-27,400,000","5,800,000","-8,400,000","-31,500,000","-21,700,000","-20,600,000","-14,200,000","48,000,000","-9,300,000","-1,000,000","-10,300,000","-3,000,000","-4,900,000","19,300,000","-17,500,000","-445,500,000","46,200,000","-7,600,000","-1,300,000","-222,600,000","900,000","-4,700,000","-18,200,000","-4,000,000","-1,100,000","-3,700,000","1,900,000","-100,000","500,000","2,000,000","14,100,000","-191,500,000","7,000,000","15,800,000","10,200,000","29,100,000","10,900,000","10,700,000","8,400,000","-341,800,000","10,200,000","13,400,000","7,800,000"
		RestructuringAndMergernAcquisition,"17,400,000","2,700,000","2,500,000","4,800,000","7,400,000","2,600,000","13,700,000","8,900,000","24,600,000","6,500,000","12,200,000","9,700,000","5,400,000","2,300,000","10,000,000","5,600,000","11,900,000","13,600,000","34,200,000","18,800,000","17,800,000","16,400,000","4,600,000","5,400,000","11,700,000","700,000","3,800,000","3,600,000","4,300,000","800,000","500,000","1,100,000","2,300,000","3,000,000","5,900,000","100,000","700,000","200,000","2,100,000","5,700,000","1,200,000",,,"1,900,000","5,900,000","19,100,000",,,,,,,,,,,,,,,,"6,000,000",,,,,"3,100,000","2,200,000","6,800,000","2,700,000","8,700,000","8,600,000","8,400,000","4,400,000",,"4,800,000","4,300,000","2,900,000",,,,,,,,,,,,
		OtherSpecialCharges,"48,600,000","2,700,000","40,700,000","3,700,000","1,500,000","46,900,000","0",,"4,800,000",,"-1,600,000","-11,900,000","-10,600,000",,"0",,,"11,100,000","800,000","1,100,000","1,600,000","-7,100,000","500,000","2,100,000","600,000","14,900,000","26,200,000","2,900,000","3,300,000","4,800,000","5,100,000","2,500,000","-18,500,000","-300,000",,,"10,500,000","3,800,000",,,,,,"-5,100,000","100,000",,,,,,,,,,,,,,,,,"11,500,000",,,,,"219,500,000","-3,100,000","-2,100,000","15,500,000","-4,700,000","-7,500,000","-4,700,000","-6,300,000",,"-5,300,000","-6,300,000","-17,000,000",,,,,,,,,,,,
	OtherNonOperatingIncomeExpenses,"-78,000,000","8,800,000","-91,600,000","3,600,000","1,200,000","2,800,000","18,100,000","2,900,000","3,000,000","3,200,000","-1,400,000","1,200,000","300,000","2,900,000","-2,600,000","-200,000","-1,500,000","1,200,000","900,000","-62,000,000","200,000","600,000","1,700,000","-600,000","1,700,000","1,200,000","4,200,000","1,500,000","1,600,000","1,900,000","-1,600,000",,,,,,,,,,,,,,,,,,,,,,,,,,,,,,,,,,,,,,,,,,,,,,,,,,,,,,,,,,,
PretaxIncome,"205,800,000","57,800,000","-28,300,000","81,100,000","95,200,000","35,500,000","96,500,000","16,600,000","63,600,000","68,200,000","28,200,000","58,700,000","63,100,000","60,900,000","14,500,000","60,700,000","59,400,000","31,400,000","62,800,000","54,200,000","111,100,000","81,500,000","5,600,000","119,600,000","129,000,000","80,100,000","47,700,000","109,500,000","122,100,000","81,300,000","-251,200,000","111,400,000","105,500,000","92,100,000","70,300,000","121,600,000","112,100,000","79,500,000","56,400,000","72,000,000","71,300,000","40,200,000","41,000,000","74,400,000","39,500,000","-62,200,000","12,800,000","28,100,000","50,600,000","31,100,000","9,200,000","27,400,000","33,900,000","22,100,000","-16,300,000","35,900,000","21,100,000","20,100,000","8,400,000","46,200,000","64,800,000","21,200,000","-550,300,000","83,600,000","39,900,000","31,700,000","-75,800,000","-9,200,000","16,700,000","3,700,000","-21,200,000","37,700,000","48,700,000","26,900,000","24,100,000","41,000,000","47,500,000","26,800,000","-164,700,000","53,200,000","54,000,000","37,800,000","75,300,000","51,200,000","49,900,000","31,700,000","-319,000,000","43,000,000","41,800,000","19,400,000"
TaxProvision,"61,600,000","15,700,000","-200,000","27,300,000","18,800,000","10,900,000","27,600,000","700,000","25,000,000","24,800,000","151,300,000","11,600,000","19,600,000","18,000,000","-3,100,000","19,400,000","21,500,000","24,400,000","42,300,000","40,100,000","53,600,000","28,700,000","-9,700,000","44,600,000","-7,700,000","29,800,000","-3,800,000","39,800,000","38,800,000","28,100,000","-139,300,000","35,400,000","35,800,000","30,800,000","12,200,000","40,400,000","36,600,000","25,500,000","11,600,000","17,100,000","20,300,000","-16,500,000","-5,500,000","23,600,000","16,800,000","-23,400,000","-34,600,000","-4,200,000","21,500,000","15,600,000","-37,400,000","7,400,000","9,300,000","14,900,000","2,700,000","-2,400,000","3,300,000","4,500,000","-4,700,000","-2,600,000","20,000,000","8,600,000","-53,400,000","28,000,000","13,000,000","10,900,000","-26,300,000","700,000","10,200,000","3,100,000","-6,300,000","15,100,000","19,100,000","10,100,000","16,300,000","16,200,000","19,300,000","11,900,000","17,900,000","19,100,000","19,400,000","13,600,000","27,100,000","18,400,000","18,500,000","11,700,000","-109,700,000","16,700,000","16,300,000","7,600,000"
EarningsFromEquityInterestNetOfTax,,,,,,,,,,,,,,,,,,,,,,,,,,,,,,,,"4,900,000",,,,,,,,,,,,,,,,,,,,,,,,,,,,,,,,,,,,,,,,,,,,,,,,,,,,,,,,,,
NetIncomeCommonStockholders,"143,600,000","42,000,000","-28,300,000","53,700,000","76,200,000","24,700,000","69,100,000","16,100,000","38,800,000","43,600,000","-123,000,000","47,400,000","43,900,000","42,900,000","15,300,000","39,600,000","38,700,000","-2,700,000","20,300,000","13,800,000","57,400,000","52,700,000","15,500,000","74,500,000","136,200,000","50,100,000","51,000,000","69,400,000","82,800,000","52,900,000","-111,600,000","75,500,000","69,300,000","60,900,000","58,100,000","81,300,000","75,800,000","54,200,000","44,900,000","54,900,000","51,000,000","56,300,000","46,400,000","44,400,000","19,300,000","-38,900,000","43,400,000","28,300,000","25,000,000","13,600,000","38,300,000","16,700,000","20,500,000","4,800,000","5,000,000","18,400,000","-5,200,000","100,000","-600,000","32,100,000","32,700,000","3,100,000","-487,400,000","48,000,000","21,300,000","15,800,000","-49,500,000","-9,900,000","6,500,000","-2,300,000","-25,500,000","14,000,000","21,200,000","12,400,000","21,200,000","19,800,000","23,000,000","14,600,000","-182,600,000","34,100,000","34,600,000","24,200,000","48,200,000","42,000,000","25,700,000","20,000,000","-209,400,000","26,300,000","25,500,000","-26,000,000"
	NetIncome,"143,600,000","42,000,000","-28,300,000","53,700,000","76,200,000","24,700,000","69,100,000","16,100,000","38,800,000","43,600,000","-123,000,000","47,400,000","43,900,000","42,900,000","15,300,000","39,600,000","38,700,000","-2,700,000","20,300,000","13,800,000","57,400,000","52,700,000","15,500,000","74,500,000","136,200,000","50,100,000","51,000,000","69,400,000","82,800,000","52,900,000","-111,600,000","75,500,000","69,300,000","60,900,000","58,100,000","81,300,000","75,800,000","54,200,000","44,900,000","54,900,000","51,000,000","56,300,000","46,400,000","44,400,000","19,300,000","-38,900,000","43,400,000","28,300,000","25,000,000","13,600,000","38,300,000","16,700,000","20,500,000","4,800,000","5,000,000","18,400,000","-5,200,000","100,000","-600,000","32,100,000","32,700,000","3,100,000","-487,400,000","48,000,000","21,300,000","15,800,000","-49,500,000","-9,900,000","6,500,000","-2,300,000","-25,500,000","14,000,000","21,200,000","12,400,000","21,200,000","19,800,000","23,000,000","14,600,000","-182,600,000","34,100,000","34,600,000","24,200,000","48,200,000","42,000,000","25,700,000","20,000,000","-209,400,000","26,300,000","25,500,000","-26,000,000"
		NetIncomeIncludingNoncontrollingInterests,"144,200,000","42,100,000","-28,100,000","53,800,000","76,400,000","24,600,000","68,900,000","15,900,000","38,600,000","43,400,000","-123,100,000","47,100,000","43,500,000","42,900,000","15,600,000","39,700,000","38,500,000","-2,900,000","20,500,000","14,100,000","57,500,000","52,800,000","15,300,000","75,000,000","136,700,000","50,300,000","51,500,000","69,700,000","83,300,000","53,200,000","-111,900,000","76,000,000","69,700,000","61,300,000","58,100,000","81,200,000","75,500,000","54,000,000","44,800,000","54,900,000","51,000,000","56,700,000","46,500,000","50,800,000","22,700,000","-38,800,000","32,000,000","32,300,000","29,100,000","15,500,000","46,600,000","20,000,000","24,600,000","7,200,000","13,200,000","26,300,000","6,300,000","6,900,000","2,100,000","39,500,000","40,200,000","6,600,000","-485,100,000","51,300,000","23,900,000","16,300,000","-50,500,000","-10,600,000","6,800,000","-2,100,000","-23,600,000","14,000,000","21,200,000","12,400,000","19,800,000","20,000,000","23,900,000","14,900,000","-182,600,000","34,100,000","34,600,000","24,200,000","48,200,000","42,000,000","25,700,000","20,000,000","-209,400,000","26,300,000","25,500,000","-26,000,000"
			NetIncomeContinuousOperations,"144,200,000","42,100,000","-28,100,000","53,800,000","76,400,000","24,600,000","68,900,000","15,900,000","38,600,000","43,400,000","-123,100,000","47,100,000","43,500,000","42,900,000","17,600,000","41,300,000","37,900,000","7,000,000","20,500,000","14,100,000","57,500,000","52,800,000","15,300,000","75,000,000","136,700,000","50,300,000","51,500,000","69,700,000","83,300,000","53,200,000","-111,900,000","76,000,000","69,700,000","61,300,000","58,100,000","81,200,000","75,500,000","54,000,000","44,800,000","54,900,000","51,000,000","56,700,000","46,500,000","50,800,000","22,700,000","-38,800,000","43,400,000","28,300,000","25,000,000","13,600,000","38,300,000","16,700,000","20,500,000","4,800,000","5,000,000","18,400,000","-5,200,000","100,000","-600,000","32,100,000","32,700,000","3,100,000","-487,400,000","48,000,000","21,300,000","15,800,000","-49,500,000","-9,900,000","6,500,000","-2,300,000","-25,500,000","14,000,000","21,200,000","12,400,000","21,200,000","19,800,000","23,000,000","14,600,000","-182,600,000","34,100,000","34,600,000","24,200,000","48,200,000","32,800,000","31,400,000","20,000,000","-209,300,000","26,300,000","25,500,000","11,800,000"
			NetIncomeDiscontinuousOperations,,,,,,,,,,,"0","0","0","0","-2,000,000","-1,600,000","600,000","-9,900,000",,,,,,,,,,,,,,,,,,,,,,,,,,,,,,,,,,,,,,,,,,,,,,,,,,,,,,,,,,,,,,,,,"0","9,200,000","-5,700,000",,"0",,,"-2,600,000"
			NetIncomeFromTaxLossCarryforward,,,,,,,,,,,,,,,,,,,,,,,,,,,,,,,,,,,,,,,,,,,,,,,,,,,,,,,,,,,,,,,,,,,,,,,,,,,,,,,,,,,,,,,"-100,000",,,"-35,200,000"
		MinorityInterests,"-200,000","100,000","-200,000","-100,000","200,000","-100,000","200,000","200,000","-200,000","-200,000","100,000","300,000","-400,000","0","300,000","100,000","-200,000","-200,000","-200,000","-300,000","-100,000","100,000","200,000","-500,000","-500,000","-200,000","-500,000","-300,000","-500,000","300,000","300,000","-500,000","-400,000","-400,000","0","100,000","300,000","200,000","100,000","0","0","-400,000","-100,000","-6,400,000","-3,400,000","-100,000",,"-4,000,000","-4,100,000","-1,900,000","-8,300,000","-3,300,000","-4,100,000","-2,400,000","-8,200,000","-7,900,000","-11,500,000","-6,800,000","-2,700,000","-7,400,000","-7,500,000","-3,500,000","-2,300,000","-3,300,000","-2,600,000","-500,000","1,000,000","700,000","-300,000","-200,000",,,,,,"-200,000","-900,000","-300,000",,,,,,,,,,,,
	OtherunderPreferredStockDividend,,,,,,,,,,,,,,,,,,,,,,,,,,,,,,,,,,,,,,,,,,,,,"3,400,000",,,,,,,,,,,,,,,,,,,,,,,,,,,,,,,,,,,,,,,,,,,,,
DilutedNIAvailtoComStockholders,"143,600,000","42,000,000","-28,300,000","53,700,000","76,200,000","24,700,000","69,100,000","16,100,000","38,800,000","43,600,000","-123,000,000","47,400,000","43,900,000","42,900,000","15,300,000","39,600,000","38,700,000","-2,700,000","20,300,000","13,800,000","57,400,000","52,700,000","15,500,000","74,500,000","136,200,000","50,100,000","51,000,000","69,400,000","82,800,000","52,900,000","-111,600,000","75,500,000","69,300,000","60,900,000","58,100,000","81,300,000","75,800,000","54,200,000","44,900,000","54,900,000","51,000,000","56,300,000","46,400,000","44,400,000","19,300,000","-38,900,000","43,400,000","28,300,000","25,000,000","13,600,000","38,300,000","16,700,000","20,500,000","4,800,000","5,000,000","18,400,000","-5,200,000","100,000","-600,000","32,100,000","32,700,000","3,100,000","-487,400,000","48,000,000","21,300,000","15,800,000","-49,500,000","-9,900,000","6,500,000","-2,300,000","-25,500,000","14,000,000","21,200,000","12,400,000","21,200,000","19,800,000","23,000,000","14,600,000","-182,600,000","34,100,000","34,600,000","24,200,000","48,200,000","42,000,000","25,700,000","20,000,000","-209,400,000","26,300,000","25,500,000","-26,000,000"
BasicEPS,,"0.63","-0.42","0.81","1.14","0.37","1.03","0.24","0.58","0.64","-1.81","0.7","0.64","0.63","0.16","0.56","0.55","-0.04","0.29","0.19","0.79","0.72","0.21","1","1.79","0.65","0.39","0.9","1.09","0.7","-1.48","1.01","0.93","0.82",,"1.1","1.03","0.74",,"0.75","0.7","0.78",,"0.61","0.27","-0.54",,"0.39","0.35","0.19",,"0.24","0.29","0.07",,"0.27","-0.08","0",,"0.48","0.49","0.05",,"0.73","0.32","0.24",,"-0.15","0.1","-0.04",,"0.21","0.32","0.19",,"0.3","0.35","0.22",,"0.51","0.51","0.35",,"0.59","0.37","0.28",,"0.35","0.34","-0.35"
DilutedEPS,,"0.63","-0.42","0.8","1.14","0.37","1.03","0.24","0.58","0.64","-1.81","0.7","0.64","0.63","0.16","0.56","0.55","-0.04","0.29","0.19","0.78","0.72","0.21","0.99","1.77","0.64","0.38","0.89","1.07","0.69","-1.48","0.99","0.9","0.8",,"1.07","1","0.72",,"0.74","0.69","0.76",,"0.61","0.26","-0.54",,"0.39","0.34","0.19",,"0.23","0.29","0.07",,"0.27","-0.08","0",,"0.48","0.49","0.05",,"0.72","0.32","0.24",,"-0.15","0.1","-0.04",,"0.21","0.32","0.19",,"0.3","0.35","0.22",,"0.51","0.5","0.35",,"0.56","0.35","0.27",,"0.33","0.32","-0.35"
BasicAverageShares,,"66,500,000","66,700,000","66,700,000","66,800,000","66,800,000","66,900,000","67,100,000","67,300,000","67,600,000","67,800,000","67,900,000","68,300,000","68,300,000","69,100,000","70,300,000","70,500,000","70,600,000","70,700,000","72,100,000","72,600,000","72,800,000","73,600,000","74,700,000","75,900,000","77,000,000","77,000,000","76,700,000","76,300,000","75,700,000","75,400,000","75,000,000","74,700,000","74,300,000",,"73,700,000","73,400,000","73,200,000",,"72,800,000","72,700,000","72,400,000",,"72,200,000","72,200,000","72,200,000",,"72,200,000","72,100,000","72,500,000",,"70,200,000","70,100,000","69,400,000",,"68,300,000","67,900,000","67,000,000",,"66,900,000","66,900,000","66,600,000",,"65,800,000","65,600,000","65,600,000",,"65,600,000","65,600,000","65,500,000",,"65,500,000","65,400,000","65,400,000",,"65,300,000","65,300,000","65,300,000",,"66,700,000","67,200,000","68,200,000",,"71,200,000","69,500,000","71,700,000",,"74,600,000","75,700,000","75,100,000"
DilutedAverageShares,,"66,500,000","66,700,000","66,800,000","67,000,000","66,900,000","67,000,000","67,200,000","67,400,000","67,700,000","67,800,000","68,000,000","68,400,000","68,500,000","69,400,000","70,700,000","70,900,000","70,600,000","71,200,000","72,700,000","73,200,000","73,500,000","74,400,000","75,600,000","76,800,000","78,100,000","78,100,000","77,900,000","77,600,000","77,200,000","75,400,000","76,400,000","76,600,000","76,400,000",,"75,700,000","75,600,000","75,100,000",,"74,300,000","74,400,000","74,400,000",,"72,900,000","72,900,000","72,200,000",,"72,800,000","72,900,000","73,200,000",,"71,500,000","71,800,000","70,500,000",,"68,500,000","67,900,000","67,300,000",,"67,200,000","67,200,000","67,300,000",,"66,300,000","65,800,000","65,800,000",,"65,600,000","65,700,000","65,500,000",,"65,500,000","65,600,000","65,400,000",,"65,400,000","65,400,000","65,300,000",,"67,400,000","68,600,000","69,400,000",,"74,600,000","73,000,000","74,700,000",,"78,500,000","80,500,000","81,600,000"
TotalExpenses,"1,506,800,000","350,000,000","391,400,000","368,600,000","396,800,000","371,100,000","420,300,000","456,700,000","385,800,000","346,100,000","406,200,000","356,400,000","356,600,000","324,500,000","408,200,000","327,400,000","301,400,000","292,000,000","658,200,000","631,600,000","626,000,000","614,100,000","780,400,000","677,300,000","676,900,000","633,800,000","566,400,000","646,700,000","673,100,000","611,500,000","1,022,600,000","660,600,000","713,000,000","654,300,000","710,900,000","731,400,000","706,700,000","605,600,000","619,900,000","594,200,000","601,500,000","562,600,000","621,000,000","667,600,000","656,000,000","716,000,000","814,600,000","821,700,000","843,400,000","706,000,000","763,300,000","721,900,000","742,700,000","664,300,000","715,200,000","693,000,000","702,000,000","624,600,000","622,000,000","598,200,000","622,300,000","555,900,000","585,600,000","542,300,000","524,000,000","486,100,000","362,300,000","527,700,000","477,600,000","427,200,000","474,500,000","443,700,000","422,000,000","388,100,000","385,800,000","404,100,000","396,400,000","375,800,000","418,500,000","340,500,000","339,500,000","332,000,000","336,000,000","328,000,000","328,700,000","318,300,000","344,500,000","343,600,000","337,100,000","322,400,000"
NetIncomeFromContinuingAndDiscontinuedOperation,"143,600,000","42,000,000","-28,300,000","53,700,000","76,200,000","24,700,000","69,100,000","16,100,000","38,800,000","43,600,000","-123,000,000","47,400,000","43,900,000","42,900,000","15,300,000","39,600,000","38,700,000","-2,700,000","20,300,000","13,800,000","57,400,000","52,700,000","15,500,000","74,500,000","136,200,000","50,100,000","51,000,000","69,400,000","82,800,000","52,900,000","-111,600,000","75,500,000","69,300,000","60,900,000","58,100,000","81,300,000","75,800,000","54,200,000","44,900,000","54,900,000","51,000,000","56,300,000","46,400,000","44,400,000","19,300,000","-38,900,000","43,400,000","28,300,000","25,000,000","13,600,000","38,300,000","16,700,000","20,500,000","4,800,000","5,000,000","18,400,000","-5,200,000","100,000","-600,000","32,100,000","32,700,000","3,100,000","-487,400,000","48,000,000","21,300,000","15,800,000","-49,500,000","-9,900,000","6,500,000","-2,300,000","-25,500,000","14,000,000","21,200,000","12,400,000","21,200,000","19,800,000","23,000,000","14,600,000","-182,600,000","34,100,000","34,600,000","24,200,000","48,200,000","42,000,000","25,700,000","20,000,000","-209,300,000","26,300,000","25,500,000","9,200,000"
NormalizedIncome,"189,844,897.959","45,933,217.993","16,580,565.371","60,068,434.032","83,583,193.277","59,211,400","78,381,865.285","25,678,313.253","55,550,943.396","47,736,363.636","-115,860,000","47,640,715.503","41,625,039.62","45,154,187.192","21,740,000","44,806,095.552","45,373,737.374","22,620,000","33,320,000","26,100,000","70,960,000","57,170,184.049","16,605,000","79,015,050.167","144,455,000","60,524,219.725","72,060,000","75,065,114.155","87,984,930.385","61,930,258.303","-109,130,000","74,340,215.44","69,564,265.403","62,563,952.226","97,274,110.953","81,366,776.316","76,540,856.378","54,335,849.057","61,501,418.44","59,246,250","51,858,345.021","57,730,000","50,625,000","45,697,311.828","23,135,000","-26,985,530.547","-5,675,000","46,110,000","21,230,000","19,060,000","58,775,000","32,539,416.058","35,448,672.566","14,030,000","-23,800,000","23,980,000","-4,356,398.104","8,094,029.851","1,200,000","35,040,000","19,356,790.123","13,600,000","-85,130,419.771","17,273,684.211","26,423,809.524","16,652,996.845","95,865,435.356","-10,440,000","9,320,000","8,620,000","-22,688,679.245","14,660,000","23,448,870.637","11,213,382.9","21,260,000","19,497,560.976","21,800,000","6,140,000","-67,700,000","29,613,157.895","24,476,296.296","17,669,841.27","29,572,908.367","25,817,187.5","24,666,933.868","14,700,315.457","14,959,373.041","20,061,395.349","17,325,358.852","7,055,670.103"
InterestIncome,,,,,,,,,,,,,"600,000","200,000","0","400,000","400,000","200,000","200,000","100,000","100,000","100,000","100,000","300,000","500,000","500,000","500,000","200,000","100,000","200,000","300,000","300,000","300,000","100,000",,,"300,000",,,,,,,,,,,,,,,,,,,,,,,,,,,,,,,,,,,,,,,,,,,,,,,,,,,,,
InterestExpense,"75,000,000","18,300,000","18,500,000","18,600,000","19,600,000","20,000,000","20,600,000","20,400,000","19,900,000","19,300,000","19,800,000","20,100,000","20,100,000","19,500,000","19,900,000","19,800,000","19,800,000","22,000,000","25,400,000","25,500,000","25,000,000","25,000,000","24,700,000","58,400,000","24,700,000","19,400,000","140,700,000","10,700,000","10,900,000","10,500,000","12,400,000","11,500,000","11,300,000","11,300,000","10,800,000","11,100,000","11,000,000","10,400,000","10,200,000","10,200,000","11,000,000","9,900,000","9,800,000","9,700,000","9,600,000","9,200,000",,,,,,,,,,,,,,,,,,,,,,,,,,,,,,,,,,,,,,,,,,,,
NetInterestIncome,"-75,000,000","-18,300,000","-18,500,000","-18,600,000","-19,600,000","-20,000,000","-20,600,000","-20,400,000","-19,900,000","-19,300,000","-19,800,000","-20,100,000","-19,500,000","-19,300,000","-19,900,000","-19,400,000","-19,400,000","-21,800,000","-25,200,000","-25,400,000","-24,900,000","-24,900,000","-24,600,000","-58,100,000","-24,200,000","-18,900,000","-140,200,000","-10,500,000","-10,800,000","-10,300,000","-12,100,000","-11,200,000","-11,000,000","-11,200,000","-9,600,000","-11,100,000","-10,700,000","-10,400,000","-9,200,000","-10,200,000","-11,000,000","-9,900,000","-9,800,000","-9,700,000","-9,600,000","-9,200,000",,,,,,,,,,,,,,,,,,,,,,,,,,,,,,,,,,,,,,,,,,,,
EBIT,"280,800,000","76,100,000","-9,800,000","99,700,000","114,800,000","55,500,000","117,100,000","37,000,000","83,500,000","87,500,000","48,000,000","78,800,000","83,200,000","80,400,000","34,400,000","80,500,000","79,200,000","53,400,000","88,200,000","79,700,000","136,100,000","106,500,000","30,300,000","178,000,000","153,700,000","99,500,000","188,400,000","120,200,000","133,000,000","91,800,000","-238,800,000","122,900,000","116,800,000","103,400,000","81,100,000","132,700,000","123,100,000","89,900,000","66,600,000","82,200,000","82,300,000","50,100,000","50,800,000","84,100,000","49,100,000","-53,000,000","-14,200,000","67,700,000","56,600,000","53,200,000","40,400,000","61,200,000","70,100,000","51,300,000","-17,800,000","48,400,000","27,100,000","34,000,000","14,400,000","55,200,000","54,200,000","47,300,000","3,500,000","37,600,000","48,400,000","32,400,000","138,000,000","-3,600,000","27,900,000","23,400,000","-21,100,000","35,000,000","54,300,000","31,700,000","43,300,000","44,000,000","60,200,000","38,700,000","34,700,000","54,200,000","45,100,000","32,900,000","45,200,000","44,200,000","44,300,000","27,100,000","27,900,000","36,700,000","32,800,000","18,400,000"
EBITDA,"381,700,000"
ReconciledCostOfRevenue,"1,145,400,000","261,900,000","299,800,000","279,500,000","304,200,000","280,900,000","323,700,000","292,700,000","287,000,000","262,000,000","292,000,000","256,200,000","260,200,000","244,800,000","279,000,000","236,300,000","217,300,000","210,100,000","472,000,000","478,200,000","471,500,000","462,300,000","529,600,000","528,600,000","517,100,000","475,300,000","486,400,000","486,600,000","499,500,000","446,100,000","497,500,000","491,800,000","522,600,000","477,300,000","538,300,000","548,700,000","522,500,000","443,900,000","451,300,000","436,600,000","440,500,000","401,200,000","430,100,000","491,100,000","470,400,000","513,300,000","561,500,000","633,400,000","635,300,000","527,200,000","616,400,000","518,400,000","533,900,000","478,700,000","453,000,000","483,800,000","470,200,000","438,000,000","431,400,000","426,000,000","439,700,000","392,700,000","380,900,000","361,300,000","357,600,000","331,700,000","326,900,000","336,500,000","329,700,000","296,600,000","289,800,000","300,500,000","297,000,000","261,600,000","271,000,000","283,700,000","285,200,000","253,000,000","307,000,000","233,000,000","221,000,000","212,900,000","220,500,000","214,100,000","214,700,000","208,800,000","222,500,000","228,600,000","224,200,000","209,600,000"
ReconciledDepreciation,"100,900,000","25,500,000","25,000,000","25,500,000","24,900,000","24,900,000","24,700,000","25,200,000","25,900,000","25,000,000","28,900,000","28,400,000","27,100,000","27,100,000","26,500,000","27,000,000","23,600,000","23,200,000","32,000,000","32,700,000","33,300,000","33,500,000","34,800,000","34,300,000","34,000,000","34,000,000","31,300,000","30,000,000","30,700,000","31,100,000","30,100,000","29,700,000","29,800,000","29,400,000","30,100,000","31,000,000","29,700,000","29,200,000","28,700,000","27,200,000","30,200,000","29,500,000","28,500,000","28,200,000","28,800,000","27,500,000","27,900,000","29,900,000","30,700,000","30,200,000","29,900,000","28,300,000","27,600,000","27,600,000","27,800,000","29,200,000","28,400,000","28,100,000","27,900,000","28,700,000","28,600,000","28,800,000","28,400,000","26,900,000","26,300,000","27,200,000","26,800,000","26,100,000","25,300,000","24,700,000","24,000,000","24,500,000","23,300,000","22,800,000","24,600,000","21,800,000","20,700,000","21,900,000","21,900,000","21,600,000","22,100,000","22,200,000","21,400,000","22,300,000","22,500,000","23,000,000","25,200,000","23,300,000","23,600,000","21,800,000"
NetIncomeFromContinuingOperationNetMinorityInterest,"143,600,000","42,000,000","-28,300,000","53,700,000","76,200,000","24,700,000","69,100,000","16,100,000","38,800,000","43,600,000","-123,000,000","47,400,000","43,900,000","42,900,000","17,300,000","41,200,000","38,100,000","7,200,000","20,300,000","13,800,000","57,400,000","52,700,000","15,500,000","74,500,000","136,200,000","50,100,000","51,000,000","69,400,000","82,800,000","52,900,000","-111,600,000","75,500,000","69,300,000","60,900,000","58,100,000","81,300,000","75,800,000","54,200,000","44,900,000","54,900,000","51,000,000","56,300,000","46,400,000","44,400,000","19,300,000","-38,900,000","43,400,000","28,300,000","25,000,000","13,600,000","38,300,000","16,700,000","20,500,000","4,800,000","5,000,000","18,400,000","-5,200,000","100,000","-600,000","32,100,000","32,700,000","3,100,000","-487,400,000","48,000,000","21,300,000","15,800,000","-49,500,000","-9,900,000","6,500,000","-2,300,000","-25,500,000","14,000,000","21,200,000","12,400,000","21,200,000","19,800,000","23,000,000","14,600,000","-182,600,000","34,100,000","34,600,000","24,200,000","48,200,000","32,800,000","31,400,000","20,000,000","-209,300,000","26,300,000","25,500,000","11,800,000"
TotalUnusualItemsExcludingGoodwill,"-66,000,000","-5,400,000","-45,200,000","-9,600,000","-9,200,000","-49,800,000","-13,000,000","-10,000,000","-27,600,000","-6,500,000","-11,900,000","-300,000","3,300,000","-3,200,000","-7,400,000","-5,300,000","-11,400,000","-25,700,000","-21,700,000","-20,500,000","-22,600,000","-6,900,000","-1,700,000","-7,200,000","-12,700,000","-16,600,000","-32,400,000","-8,900,000","-7,600,000","-13,800,000","-3,800,000","1,700,000","-400,000","-2,500,000","-47,400,000","-100,000","-1,100,000","-200,000","-20,900,000","-5,700,000","-1,200,000","-2,200,000","-6,500,000","-1,900,000","-5,900,000","-19,100,000","75,500,000","-27,400,000","5,800,000","-8,400,000","-31,500,000","-21,700,000","-20,600,000","-14,200,000","48,000,000","-9,300,000","-1,000,000","-10,300,000","-3,000,000","-4,900,000","19,300,000","-17,500,000","-445,500,000","46,200,000","-7,600,000","-1,300,000","-222,600,000","900,000","-4,700,000","-18,200,000","-4,000,000","-1,100,000","-3,700,000","1,900,000","-100,000","500,000","2,000,000","14,100,000","-191,500,000","7,000,000","15,800,000","10,200,000","29,100,000","10,900,000","10,700,000","8,400,000","-341,800,000","10,200,000","13,400,000","7,800,000"
TotalUnusualItems,"-66,000,000","-5,400,000","-45,200,000","-9,600,000","-9,200,000","-49,800,000","-13,000,000","-10,000,000","-27,600,000","-6,500,000","-11,900,000","-300,000","3,300,000","-3,200,000","-7,400,000","-5,300,000","-11,400,000","-25,700,000","-21,700,000","-20,500,000","-22,600,000","-6,900,000","-1,700,000","-7,200,000","-12,700,000","-16,600,000","-32,400,000","-8,900,000","-7,600,000","-13,800,000","-3,800,000","1,700,000","-400,000","-2,500,000","-47,400,000","-100,000","-1,100,000","-200,000","-20,900,000","-5,700,000","-1,200,000","-2,200,000","-6,500,000","-1,900,000","-5,900,000","-19,100,000","75,500,000","-27,400,000","5,800,000","-8,400,000","-31,500,000","-21,700,000","-20,600,000","-14,200,000","48,000,000","-9,300,000","-1,000,000","-10,300,000","-3,000,000","-4,900,000","19,300,000","-17,500,000","-445,500,000","46,200,000","-7,600,000","-1,300,000","-222,600,000","900,000","-4,700,000","-18,200,000","-4,000,000","-1,100,000","-3,700,000","1,900,000","-100,000","500,000","2,000,000","14,100,000","-191,500,000","7,000,000","15,800,000","10,200,000","29,100,000","10,900,000","10,700,000","8,400,000","-341,800,000","10,200,000","13,400,000","7,800,000"
NormalizedEBITDA,"447,700,000","107,000,000","60,400,000","134,800,000","148,900,000","130,200,000","154,800,000","72,200,000","137,000,000","119,000,000","88,800,000","107,500,000","107,000,000","110,700,000","68,300,000","112,800,000","114,200,000","102,300,000","141,900,000","132,900,000","192,000,000","146,900,000","66,800,000","219,500,000","200,400,000","150,100,000","252,100,000","159,100,000","171,300,000","136,700,000","-204,900,000","150,900,000","147,000,000","135,300,000","158,600,000","163,800,000","153,900,000","119,300,000","116,200,000","115,100,000","113,700,000","81,800,000","85,800,000","114,200,000","83,800,000","-6,400,000","-61,800,000","125,000,000","81,500,000","91,800,000","101,800,000","111,200,000","118,300,000","93,100,000","-38,000,000","86,900,000","56,500,000","72,400,000","45,300,000","88,800,000","63,500,000","93,600,000","477,400,000","18,300,000","82,300,000","60,900,000","387,400,000","21,600,000","57,900,000","66,300,000","6,900,000","60,600,000","81,300,000","52,600,000","68,000,000","65,300,000","78,900,000","46,500,000","248,100,000","68,800,000","51,400,000","44,900,000","37,500,000","55,600,000","56,200,000","41,700,000","394,900,000","49,900,000","43,000,000","32,400,000"
TaxRateForCalcs,"0.299","0.272","0.007","0.337","0.197","0.307","0.286","0.042","0.393","0.364","0.4","0.198","0.311","0.296","0.4","0.32","0.362","0.4","0.4","0.4","0.4","0.352","0.35","0.373","0.35","0.372","0.35","0.363","0.318","0.346","0.35","0.318","0.339","0.334","0.174","0.332","0.326","0.321","0.206","0.238","0.285","0.35","0.35","0.317","0.35","0.376","0.35","0.35","0.35","0.35","0.35","0.27","0.274","0.35","0.4","0.4","0.156","0.224","0.4","0.4","0.309","0.4","0.097","0.335","0.326","0.344","0.347","0.4","0.4","0.4","0.297","0.4","0.392","0.375","0.4","0.395","0.4","0.4","0.4","0.359","0.359","0.36","0.36","0.359","0.371","0.369","0.344","0.388","0.39","0.392"
TaxEffectOfUnusualItems,"-19,755,102.041","-1,466,782.007","-319,434.629","-3,231,565.968","-1,816,806.723","-15,288,600","-3,718,134.715","-421,686.747","-10,849,056.604","-2,363,636.364","-4,760,000","-59,284.497","1,025,039.62","-945,812.808","-2,960,000","-1,693,904.448","-4,126,262.626","-10,280,000","-8,680,000","-8,200,000","-9,040,000","-2,429,815.951","-595,000","-2,684,949.833","-4,445,000","-6,175,780.275","-11,340,000","-3,234,885.845","-2,415,069.615","-4,769,741.697","-1,330,000","540,215.44","-135,734.597","-836,047.774","-8,225,889.047","-33,223.684","-359,143.622","-64,150.943","-4,298,581.56","-1,353,750","-341,654.979","-770,000","-2,275,000","-602,688.172","-2,065,000","-7,185,530.547","26,425,000","-9,590,000","2,030,000","-2,940,000","-11,025,000","-5,860,583.942","-5,651,327.434","-4,970,000","19,200,000","-3,720,000","-156,398.104","-2,305,970.149","-1,200,000","-1,960,000","5,956,790.123","-7,000,000","-43,230,419.771","15,473,684.211","-2,476,190.476","-447,003.155","-77,234,564.644","360,000","-1,880,000","-7,280,000","-1,188,679.245","-440,000","-1,451,129.363","713,382.9","-40,000","197,560.976","800,000","5,640,000","-76,600,000","2,513,157.895","5,676,296.296","3,669,841.27","10,472,908.367","3,917,187.5","3,966,933.868","3,100,315.457","-117,540,626.959","3,961,395.349","5,225,358.852","3,055,670.103"