name,ttm,03/31/2020,03/31/2019,03/31/2018,03/31/2017,03/31/2016,03/31/2015,03/31/2014,03/31/2013,03/31/2012,03/31/2011,03/31/2010,03/31/2009,03/31/2008,03/31/2007,03/31/2006,03/31/2005,03/31/2004,03/31/2003,03/31/2002,03/31/2001
TotalRevenue,"794,470,700,000","794,470,700,000","667,627,800,000","567,757,600,000","462,121,700,000","389,195,400,000","315,997,800,000","263,406,600,000","222,253,900,000","178,987,500,000","155,404,400,000","124,276,500,000","106,484,900,000","75,148,000,000","52,620,206,520","36,115,320,755","24,222,706,164","17,301,519,260","12,004,740,621","8,878,061,222","1,627,100,000"
	NetInterestIncome,"561,862,500,000","561,862,500,000","507,505,600,000","423,150,600,000","351,795,600,000","292,361,500,000","236,176,300,000","192,572,100,000","157,076,500,000","126,392,000,000","108,402,300,000","80,931,300,000","72,881,900,000","54,812,000,000","36,989,672,268","23,950,629,125","15,960,697,860","12,603,037,475","7,492,891,797","5,671,823,964","4,988,100,000"
		InterestIncome,"1,148,126,500,000","1,148,126,500,000","1,041,714,900,000","843,465,300,000","725,554,300,000","625,428,600,000","500,787,200,000","422,211,300,000","353,878,500,000","277,540,000,000","202,252,000,000","158,651,300,000","158,996,800,000","104,200,000,000","70,216,438,142","43,605,740,766","29,200,871,844","24,581,346,070","19,364,930,982","16,411,256,968","12,561,500,000"
			InterestIncomeFromLoansAndLease,"917,878,800,000","917,878,800,000","827,683,000,000","667,458,700,000","552,686,800,000","470,818,500,000","388,264,700,000","326,755,300,000","271,730,500,000","210,315,700,000","153,719,700,000","118,364,500,000","117,281,500,000","72,564,000,000","46,926,164,468","28,905,624,397","16,449,780,804","11,700,651,315","7,781,991,354","6,120,112,456",
				InterestIncomeFromLoans,"917,878,800,000","917,878,800,000","827,683,000,000","667,458,700,000","552,686,800,000","470,818,500,000","388,264,700,000","326,755,300,000","271,730,500,000","210,315,700,000","153,719,700,000","118,364,500,000","117,281,500,000","72,564,000,000","46,926,164,468","28,905,624,397","16,449,780,804","11,700,651,315","7,781,991,354","6,120,112,456",
			InterestIncomeFromSecurities,"206,333,200,000","206,333,200,000","199,885,400,000","162,258,300,000","159,660,400,000","141,722,300,000","99,252,500,000","83,380,500,000","72,334,200,000","60,677,200,000","43,753,600,000","37,749,800,000","39,019,200,000","28,696,000,000","20,603,100,566","13,194,011,691","11,515,283,244","11,774,404,030","10,355,451,345","8,147,156,072","398,500,000"
			InterestIncomeFromDeposits,"18,289,300,000","18,289,300,000",,"5,406,200,000","5,448,600,000","3,751,600,000","5,429,400,000","3,559,900,000","2,816,300,000",,,,,,,,,,,,
			InterestIncomeFromFederalFundsSoldAndSecuritiesPurchaseUnderAgreementsToResell,,,,,,,,,,"1,540,400,000",,,,,,,,,,,
			OtherInterestIncome,"5,625,200,000","5,625,200,000","14,146,500,000","13,748,300,000","13,207,100,000","12,887,800,000","13,270,000,000","12,075,500,000","9,813,800,000","6,547,100,000","4,778,700,000","2,537,000,000","2,696,100,000","2,940,000,000","2,687,173,108","1,506,104,678","1,235,807,796","1,106,290,725","1,227,488,283","2,143,988,440","12,163,000,000"
		InterestExpense,"586,264,000,000","586,264,000,000","534,209,300,000","420,314,700,000","373,758,700,000","333,067,100,000","264,610,900,000","229,639,200,000","196,802,000,000","151,148,000,000","93,849,700,000","77,720,000,000","86,114,900,000","49,388,000,000","33,226,765,874","19,655,111,641","13,240,173,984","11,978,308,595","11,872,039,185","10,739,433,004","7,573,400,000"
			InterestExpenseForDeposit,,,"410,026,400,000","326,717,800,000","308,078,300,000","283,764,700,000","227,321,900,000","187,574,700,000","163,092,700,000","126,783,100,000","80,216,300,000","69,854,000,000","76,748,100,000","42,644,000,000","26,240,979,836","15,618,038,155","11,087,335,668","10,273,319,360","10,601,896,869","9,136,314,375",
			InterestExpenseForShortTermDebt,,,"39,054,300,000","26,004,400,000","21,821,900,000","16,265,200,000","6,944,600,000","18,075,000,000","13,888,400,000","12,233,800,000","5,357,100,000","1,420,400,000","5,799,600,000","4,092,000,000","4,812,718,396","3,502,361,766","1,759,825,236","1,436,008,745","971,564,085","1,325,374,672",
			InterestExpenseForLongTermDebtAndCapitalSecurities,,,"85,081,100,000","67,297,500,000","43,781,100,000","32,811,000,000","29,948,000,000","23,976,600,000","19,556,900,000","11,988,500,000","8,224,900,000","6,052,600,000","3,490,300,000","2,644,000,000","2,168,747,428","534,711,720","393,013,080","268,980,490","298,578,231","277,743,957",
			OtherInterestExpense,,,"47,500,000","295,000,000","77,400,000","226,200,000","396,400,000","12,900,000","264,000,000","142,600,000","51,400,000","393,000,000","76,900,000","8,000,000","4,320,214",,,,,,
	NonInterestIncome,"232,608,200,000","232,608,200,000","160,122,200,000","144,607,000,000","110,326,100,000","96,833,900,000","79,821,500,000","70,834,500,000","65,177,400,000","52,595,500,000","47,002,100,000","43,345,200,000","33,603,000,000","20,336,000,000","15,630,534,252","12,164,691,630","8,262,008,304","4,698,481,785","4,511,848,824","3,206,237,258","-3,361,000,000"
		FeesAndCommissions,,,"134,155,200,000","120,060,900,000","94,120,300,000","83,762,800,000","71,423,600,000","60,314,100,000","53,989,600,000","44,867,200,000","38,718,900,000","30,469,300,000","25,672,100,000","18,436,000,000","13,405,624,042","10,970,502,122","6,131,004,048","3,140,997,980","2,298,578,445","1,617,736,732",
			FeesandCommissionIncome,,,"134,155,200,000","120,060,900,000","94,120,300,000","83,762,800,000","71,423,600,000","60,314,100,000","53,989,600,000","44,867,200,000","38,718,900,000","30,469,300,000","25,672,100,000","18,436,000,000","13,405,624,042","10,970,502,122","6,131,004,048","3,140,997,980","2,298,578,445","1,617,736,732",
				TrustFeesbyCommissions,,,,,,,,,,,,,,"18,436,000,000",,"10,970,502,122","6,131,004,048","3,140,997,980","2,298,578,445","1,617,736,732",
		TradingGainLoss,,,"1,028,400,000","-63,400,000","467,200,000","1,519,300,000","698,100,000","-345,100,000","105,000,000","-154,700,000",,"100,200,000","1,114,200,000",,,,,,,,
		ForeignExchangeTradingGains,,,"1,917,800,000","6,209,500,000","11,282,700,000","-10,145,400,000","9,358,000,000","9,010,500,000","9,727,000,000","7,531,500,000","12,283,400,000","5,091,600,000","4,703,900,000",,,,,,,,
		GainLossonSaleofAssets,,,"13,924,100,000","17,446,700,000","3,854,300,000","20,658,300,000","-2,226,900,000","1,210,500,000","923,400,000","174,400,000","-4,096,400,000","4,574,900,000","763,700,000","412,000,000",,"418,857,514","196,506,540","-47,722,345","720,379,224","341,089,070",
			GainOnSaleOfSecurity,,,"13,924,100,000","17,446,700,000","3,854,300,000","20,658,300,000","-2,226,900,000","1,210,500,000","923,400,000","174,400,000","-4,096,400,000","4,574,900,000","2,827,500,000","244,000,000",,"418,857,514","196,506,540","-47,722,345","720,379,224","341,089,070",
			GainonSaleofInvestmentProperty,,,,,,,,,,,,,"-2,063,800,000","168,000,000",,,,,,,
		OtherNonInterestIncome,"232,608,200,000","232,608,200,000","9,096,700,000","953,300,000","601,600,000","1,038,900,000","568,700,000","644,500,000","432,400,000","177,100,000","96,200,000","3,109,200,000","1,349,100,000","1,488,000,000","2,224,910,210","775,331,994","1,934,497,716","1,605,206,150","1,492,891,155","1,247,411,456","-3,361,000,000"
CreditLossesProvision,,,"-72,279,300,000","-59,397,800,000","-37,951,400,000","-21,531,300,000","-17,000,200,000","-17,428,100,000","-12,688,000,000","-7,837,300,000","-9,621,900,000","-18,193,900,000","-20,394,900,000","-13,360,000,000","-8,268,889,596","-5,039,657,961","-3,052,401,588","-2,342,733,300","-739,336,572","-448,288,492",
NonInterestExpense,"428,399,100,000","428,399,100,000","255,389,500,000","231,253,400,000","204,204,800,000","182,077,300,000","144,973,000,000","124,228,100,000","117,591,100,000","97,313,500,000","82,370,200,000","68,410,900,000","63,154,900,000","42,244,000,000","28,077,070,786","17,877,195,172","11,423,580,192","8,364,425,560","6,042,654,675","4,185,650,159","3,162,500,000"
	OccupancyAndEquipment,,,"29,527,700,000","29,816,900,000","28,024,200,000","24,102,600,000","20,499,200,000","18,722,800,000","17,391,400,000","14,595,100,000","12,419,800,000","11,033,200,000","8,650,700,000","4,728,000,000","4,138,765,012","3,132,519,493","2,262,008,616","1,826,464,295","1,341,232,371","911,195,087",
		Equipment,,,"29,527,700,000","29,816,900,000","28,024,200,000","24,102,600,000","20,499,200,000","18,722,800,000","17,391,400,000","14,595,100,000","12,419,800,000","11,033,200,000","8,650,700,000",,,,,,,,
	SellingGeneralAndAdministration,"95,256,700,000","95,256,700,000","213,613,000,000","191,756,600,000","167,300,700,000","150,540,200,000","117,349,000,000","96,986,500,000","91,209,000,000","74,800,800,000","62,253,200,000","49,474,500,000","47,501,800,000","19,160,000,000","11,457,207,528","5,431,779,889","3,253,274,940","2,151,843,920","1,658,767,950","1,184,066,343","918,500,000"
		GeneralAndAdministrativeExpense,"95,256,700,000","95,256,700,000","213,613,000,000","191,756,600,000","167,300,700,000","150,540,200,000","117,349,000,000","96,986,500,000","91,209,000,000","74,800,800,000","62,253,200,000","49,474,500,000","47,501,800,000","19,160,000,000","11,457,207,528","5,431,779,889","3,253,274,940","2,151,843,920","1,658,767,950","1,184,066,343","918,500,000"
			SalariesAndWages,"95,256,700,000","95,256,700,000","104,652,600,000","98,714,600,000","93,060,500,000","85,932,900,000","66,909,400,000","57,550,300,000","53,954,100,000","45,791,300,000","37,865,600,000","31,665,900,000","29,169,000,000","19,160,000,000","11,457,207,528","5,431,779,889","3,253,274,940","2,151,843,920","1,658,767,950","1,184,066,343","918,500,000"
			OtherGandA,,,"108,960,400,000","93,042,000,000","74,240,200,000","64,607,300,000","50,439,600,000","39,436,200,000","37,254,900,000","29,009,500,000","24,387,600,000","17,808,600,000","18,332,800,000",,,,,,,,
	DepreciationAmortizationDepletionIncomeStatement,,,"12,248,800,000","9,679,900,000","8,879,900,000","7,434,500,000","7,124,800,000","8,518,800,000","8,990,700,000","7,917,600,000","7,697,200,000","7,903,200,000","7,002,400,000",,,,,,,,
		DepreciationAndAmortizationInIncomeStatement,,,"12,248,800,000","9,679,900,000","8,879,900,000","7,434,500,000","7,124,800,000","8,518,800,000","8,990,700,000","7,917,600,000","7,697,200,000","7,903,200,000","7,002,400,000",,,,,,,,
			DepreciationIncomeStatement,,,"12,247,800,000","9,678,900,000","8,876,900,000","7,427,500,000","6,905,800,000","6,980,300,000","6,686,200,000","5,588,700,000","5,138,600,000","4,133,700,000","3,731,400,000",,,,,,,,
			Amortization,,,"1,000,000","1,000,000","3,000,000","7,000,000","219,000,000","1,538,500,000","2,304,500,000","2,328,900,000","2,558,600,000","3,769,500,000","3,271,000,000",,,,,,,,
				AmortizationOfIntangiblesIncomeStatement,,,"1,000,000","1,000,000","3,000,000","7,000,000","219,000,000","1,538,500,000","2,304,500,000","2,328,900,000","2,558,600,000","3,769,500,000","3,271,000,000",,,,,,,,
	OtherNonInterestExpense,"333,142,400,000","333,142,400,000",,"213,051,400,000","162,371,800,000","144,865,200,000","116,815,900,000","94,512,300,000","89,477,400,000","52,340,300,000",,,,"18,356,000,000","12,481,098,246","9,312,895,790","5,908,296,636","4,386,117,345","3,042,654,354","2,090,388,729","2,244,000,000"
SpecialIncomeCharges,,,,,,,,,,,"-186,700,000","-445,500,000",,,,,,,,,
	ImpairmentOfCapitalAssets,,,,,,,,,,,"186,700,000","445,500,000",,,,,,,,,
OtherNonOperatingIncomeExpenses,,,,,,,,,,,"186,700,000","445,500,000",,,,,,,,,
PretaxIncome,"366,071,600,000","366,071,600,000","339,959,000,000","277,106,400,000","219,965,500,000","185,586,800,000","154,024,600,000","121,750,400,000","91,974,800,000","73,836,700,000","63,225,600,000","37,226,200,000","22,935,100,000","19,452,000,000","16,218,083,356","13,176,187,967","9,746,724,384","6,594,360,400","5,222,749,374","4,244,122,571","3,205,700,000"
TaxProvision,"103,498,400,000","103,498,400,000","119,393,500,000","98,272,500,000","79,224,900,000","67,536,900,000","54,519,900,000","42,304,200,000","29,840,100,000","23,828,700,000","21,698,300,000","12,338,400,000","7,737,400,000","6,304,000,000","5,154,015,302","3,974,690,452","3,131,004,204","1,839,479,480","1,725,118,668","1,291,265,765","1,065,100,000"
NetIncomeCommonStockholders,"262,573,200,000","262,573,200,000","220,103,800,000","178,514,900,000","140,529,800,000","117,915,300,000","99,237,700,000","79,319,700,000","61,819,400,000","49,783,400,000","41,196,900,000","24,570,700,000","15,104,300,000","13,148,000,000","11,064,068,054","9,201,497,515","6,615,720,180","4,754,880,920","3,497,630,706","2,952,856,806","2,140,600,000"
	NetIncome,"262,573,200,000","262,573,200,000","220,103,800,000","178,514,900,000","140,529,800,000","117,915,300,000","99,237,700,000","79,319,700,000","61,819,400,000","49,783,400,000","41,196,900,000","24,570,700,000","15,104,300,000","13,148,000,000","11,064,068,054","9,201,497,515","6,615,720,180","4,754,880,920","3,497,630,706","2,952,856,806","2,140,600,000"
		NetIncomeIncludingNoncontrollingInterests,"262,573,200,000","262,573,200,000","220,565,500,000","178,833,900,000","140,740,600,000","118,049,900,000","99,504,700,000","79,446,200,000","62,134,700,000","50,008,000,000","41,527,300,000","24,887,800,000","15,197,700,000","13,240,000,000","11,120,230,836","9,223,777,170","6,615,720,180","4,754,880,920","3,497,630,706","2,952,856,806","2,140,600,000"
			NetIncomeContinuousOperations,"262,573,200,000","262,573,200,000","220,565,500,000","178,833,900,000","140,740,600,000","118,049,900,000","99,504,700,000","79,446,200,000","62,134,700,000","50,008,000,000","41,527,300,000","24,887,800,000","15,197,700,000","13,148,000,000","11,064,068,054","9,201,497,515","6,615,720,180","4,754,880,920","3,497,630,706","2,952,856,806","2,140,600,000"
		MinorityInterests,,,"-461,700,000","-319,000,000","-210,800,000","-134,600,000","-267,000,000","-126,500,000","-315,300,000","-224,600,000","-330,400,000","-317,100,000","-93,400,000","-92,000,000","-56,162,782","-22,279,655",,,,,
DilutedNIAvailtoComStockholders,"262,573,200,000","262,573,200,000","220,103,800,000","178,514,900,000","140,529,800,000","117,915,300,000","99,237,700,000","79,319,700,000","61,819,400,000","49,783,400,000","41,196,900,000","24,570,700,000","15,104,300,000","13,148,000,000","11,064,068,054","9,201,497,515","6,615,720,180","4,754,880,920","3,497,630,706","2,952,856,806","2,140,600,000"
BasicEPS,,,"123.195","107.284","90","76.35","66.15","53.25","4.2","33.75","26.76","16.89","10.92","11.438","10.466","8.834","6.834","4.942","3.766","3.326","2.691"
DilutedEPS,,,"121.965","107.284","88.8","75.3","65.4","52.8","4.2","33.3","26.385","16.683","10.863","11.291","10.317","8.723","6.78","4.892","3.748","3.308","2.661"
BasicAverageShares,,,"1,786,689,353","1,730,060,178","1,698,601,111","1,676,664,047","1,615,856,387","1,592,187,793","1,586,279,353","1,553,594,074","1,539,361,957","1,454,666,667","1,383,248,527","1,149,532,615","1,057,112,123","1,041,616,225","967,991,121","962,168,179","928,810,104","887,709,183","795,466,369"
DilutedAverageShares,,,"1,804,551,318","1,730,060,178","1,721,555,180","1,700,043,825","1,634,386,850","1,605,757,576","1,586,279,353","1,574,588,589","1,561,281,529","1,472,666,667","1,390,308,110","1,164,454,487","1,072,387,631","1,054,868,486","975,700,234","971,962,086","933,267,575","892,533,647","804,434,423"
InterestIncomeAfterProvisionForLoanLoss,"561,862,500,000","561,862,500,000","435,226,300,000","363,752,800,000","313,844,200,000","270,830,200,000","219,176,100,000","175,144,000,000","144,388,500,000","118,554,700,000","98,780,400,000","62,737,400,000","52,487,000,000","41,452,000,000","28,720,782,672","18,910,971,164","12,908,296,272","10,260,304,175","6,753,555,225","5,223,535,472","4,988,100,000"
NetIncomeFromContinuingAndDiscontinuedOperation,"262,573,200,000","262,573,200,000","220,103,800,000","178,514,900,000","140,529,800,000","117,915,300,000","99,237,700,000","79,319,700,000","61,819,400,000","49,783,400,000","41,196,900,000","24,570,700,000","15,104,300,000","13,148,000,000","11,064,068,054","9,201,497,515","6,615,720,180","4,754,880,920","3,497,630,706","2,952,856,806","2,140,600,000"
NormalizedIncome,"262,573,200,000","262,573,200,000","220,103,800,000","178,514,900,000","140,529,800,000","117,915,300,000","99,237,700,000","79,319,700,000","61,819,400,000","49,783,400,000","41,319,526,703.582","24,868,541,705.573","16,471,855,112.47","13,034,445,404.072","11,064,068,054","9,201,497,515","6,615,720,180","4,754,880,920","3,497,630,706","2,952,856,806","2,140,600,000"
TotalMoneyMarketInvestments,"18,289,300,000","18,289,300,000",,"5,406,200,000","5,448,600,000","3,751,600,000","5,429,400,000","3,559,900,000","2,816,300,000","1,540,400,000",,,,,,,,,,,
ReconciledDepreciation,,,"12,248,800,000","9,679,900,000","8,879,900,000","7,434,500,000","7,124,800,000","8,518,800,000","8,990,700,000","7,917,600,000","7,697,200,000","7,903,200,000","7,002,400,000","2,816,000,000","7,940,553,332","5,850,637,403","2,772,925,620","3,279,826,620","2,009,478,888","1,305,883,868","553,700,000"
NetIncomeFromContinuingOperationNetMinorityInterest,"262,573,200,000","262,573,200,000","220,103,800,000","178,514,900,000","140,529,800,000","117,915,300,000","99,237,700,000","79,319,700,000","61,819,400,000","49,783,400,000","41,196,900,000","24,570,700,000","15,104,300,000","13,148,000,000","11,064,068,054","9,201,497,515","6,615,720,180","4,754,880,920","3,497,630,706","2,952,856,806","2,140,600,000"
TotalUnusualItemsExcludingGoodwill,,,,,,,,,,,"-186,700,000","-445,500,000","-2,063,800,000","168,000,000",,,,,,,
TotalUnusualItems,,,,,,,,,,,"-186,700,000","-445,500,000","-2,063,800,000","168,000,000",,,,,,,
TaxRateForCalcs,"0.283","0.283","0.351","0.355","0.36","0.364","0.354","0.347","0.324","0.323","0.343","0.331","0.337","0.324","0.318","0.302","0.321","0.279","0.33","0.304","0.332"
TaxEffectOfUnusualItems,"0","0","0","0","0","0","0","0","0","0","-64,073,296.418","-147,658,294.427","-696,244,887.53","54,445,404.072","0","0","0","0","0","0","0"