name,ttm,12/31/2019,09/30/2019,06/30/2019,03/31/2019,12/31/2018,09/30/2018,06/30/2018,03/31/2018,12/31/2017,09/30/2017,06/30/2017,03/31/2017,12/31/2016,09/30/2016,06/30/2016,03/31/2016,12/31/2015,09/30/2015,06/30/2015,03/31/2015,12/31/2014,09/30/2014,06/30/2014,03/31/2014,12/31/2013,09/30/2013,06/30/2013,03/31/2013,12/31/2012,09/30/2012,06/30/2012,03/31/2012,12/31/2011,09/30/2011,06/30/2011,03/31/2011,12/31/2010,09/30/2010,06/30/2010,03/31/2010,12/31/2009,09/30/2009,06/30/2009,03/31/2009,12/31/2008,09/30/2008,06/30/2008,03/31/2008,12/31/2007,09/30/2007,06/30/2007,03/31/2007,12/31/2006,09/30/2006,06/30/2006,03/31/2006,12/31/2005,09/30/2005,06/30/2005,03/31/2005,12/31/2004,09/30/2004,06/30/2004,03/31/2004,12/31/2003,09/30/2003,06/30/2003,03/31/2003,12/31/2002,09/30/2002,06/30/2002,03/31/2002,12/31/2001,09/30/2001,06/30/2001,03/31/2001,12/31/2000,09/30/2000,06/30/2000,03/31/2000,12/31/1999,09/30/1999,06/30/1999,03/31/1999,12/31/1998,09/30/1998,06/30/1998,03/31/1998,12/31/1997,09/30/1997,06/30/1997,03/31/1997,12/31/1996,09/30/1996,06/30/1996,03/31/1996,12/31/1995,09/30/1995,06/30/1995,03/31/1995,12/31/1994,09/30/1994,06/30/1994,03/31/1994,12/31/1993,09/30/1993,06/30/1993,03/31/1993,12/31/1992,09/30/1992,06/30/1992,03/31/1992,12/31/1991,09/30/1991,06/30/1991,03/31/1991,12/31/1990,09/30/1990,06/30/1990,03/31/1990,12/31/1989,09/30/1989,06/30/1989,03/31/1989,12/31/1988,09/30/1988,06/30/1988,03/31/1988,12/31/1987,09/30/1987,06/30/1987,02/28/1987,11/30/1986,08/31/1986,05/31/1986,02/28/1986,11/30/1985,08/31/1985
TotalRevenue,"15,522,066,000,000","3,747,593,000,000","3,729,103,000,000","3,996,253,000,000","4,049,117,000,000","3,973,655,000,000","3,841,712,000,000","4,024,133,000,000","3,914,728,000,000","3,957,123,000,000","3,776,199,000,000","3,713,096,000,000","3,763,434,000,000","3,501,068,000,000","3,262,968,000,000","3,471,730,000,000","3,657,889,000,000","3,617,223,000,000","3,621,277,000,000","3,704,762,000,000","4,035,080,000,000","3,289,964,000,000","3,014,776,000,000","2,988,279,000,000","3,097,246,000,000","3,020,889,000,000","2,890,221,000,000","2,834,095,000,000","2,744,960,000,000","2,425,792,000,000","2,271,286,000,000","2,435,909,000,000","2,405,062,000,000","1,942,545,000,000","1,885,892,000,000","1,714,596,000,000","2,213,079,000,000","2,110,414,000,000","2,251,911,000,000","2,361,463,000,000","2,279,567,000,000","2,240,740,000,000","2,056,655,000,000","2,002,212,000,000","1,783,898,000,000","2,533,257,000,000","2,816,361,158,640","2,870,539,534,090","2,990,781,724,320","3,054,990,550,230","2,973,258,462,050","2,931,707,543,160","3,089,025,301,740","2,768,525,606,210","2,629,243,185,560","2,602,954,627,700","2,821,374,709,300","2,475,935,108,510","2,335,073,200,460","2,263,989,752,880","2,364,673,118,700","2,130,104,712,000","2,095,851,209,400","2,071,778,178,000","2,144,304,336,210","1,989,919,647,160","2,018,733,228,320","2,005,868,279,520","2,115,840,340,780","1,989,903,749,350","1,915,429,575,510","1,934,550,881,860","2,080,894,584,630","1,756,845,762,800","1,749,758,059,380","1,759,930,015,179.49","1,950,107,651,751.18","1,576,468,115,250","1,504,092,751,200","1,547,938,744,030","1,423,242,984,928.6","1,447,857,728,070","1,516,490,432,473","1,519,973,328,859","1,512,562,342,876","1,499,548,239,440","1,539,075,172,934","1,592,737,262,574","1,682,709,893,787","1,559,296,955,608","1,375,954,263,496","1,419,405,181,768","1,463,471,549,090","1,335,238,733,737","1,247,858,352,016","1,231,649,681,720","1,275,696,317,794","1,030,430,904,723","999,832,277,146","946,199,000,877","1,064,894,127,051","904,052,894,304","1,011,361,245,258","972,289,213,210","1,042,595,373,288","947,936,415,705","955,469,521,536","916,198,056,389","1,013,960,696,668","975,589,061,504","1,030,226,697,824","1,112,226,584,892","1,118,710,672,341","1,046,348,380,652","1,077,976,928,496","1,151,344,756,416","1,159,527,378,060","1,016,595,885,960","1,017,150,601,600","1,123,738,629,165","1,077,801,089,300","942,540,962,572","893,244,378,829","921,360,609,460","983,947,694,398","839,890,169,112","812,367,821,588","865,017,461,675","420,344,069,681","386,830,831,076","465,461,837,822","468,383,849,725","648,552,216,424","693,707,448,780","752,895,713,424","796,412,796,597","1,010,400,631,253","657,135,354,915","770,083,620,542"
	OperatingRevenue,"15,522,066,000,000","3,747,593,000,000","3,729,103,000,000","3,996,253,000,000","4,049,117,000,000","3,973,655,000,000","3,841,712,000,000","4,024,133,000,000","3,914,728,000,000","3,957,123,000,000","3,776,199,000,000","3,713,096,000,000","3,763,434,000,000","3,501,068,000,000","3,262,968,000,000","3,471,730,000,000","3,657,889,000,000","3,617,223,000,000","3,621,277,000,000","3,704,762,000,000","4,035,080,000,000","3,289,964,000,000","3,014,776,000,000","2,988,279,000,000","3,097,246,000,000","3,020,889,000,000","2,890,221,000,000","2,834,095,000,000","2,744,960,000,000","2,425,792,000,000","2,271,286,000,000","2,435,909,000,000","2,405,062,000,000","1,942,545,000,000","1,885,892,000,000","1,714,596,000,000","2,213,079,000,000","2,110,414,000,000","2,251,911,000,000","2,361,463,000,000","2,279,567,000,000","2,240,740,000,000","2,056,655,000,000","2,002,212,000,000","1,783,898,000,000","2,533,257,000,000","2,816,361,158,640","2,870,539,534,090","2,990,781,724,320","3,054,990,550,230","2,973,258,462,050","2,931,707,543,160","3,089,025,301,740","2,768,525,606,210","2,629,243,185,560","2,602,954,627,700","2,821,374,709,300","2,475,935,108,510","2,335,073,200,460","2,263,989,752,880","2,364,673,118,700","2,130,104,712,000","2,095,851,209,400","2,071,778,178,000","2,144,304,336,210","1,989,919,647,160","2,018,733,228,320","2,005,868,279,520","2,115,840,340,780","1,989,903,749,350","1,915,429,575,510","1,934,550,881,860","2,080,894,584,630","1,756,845,762,800","1,749,758,059,380","1,759,930,015,179.49","1,950,107,651,751.18","1,576,468,115,250","1,504,092,751,200","1,547,938,744,030","1,423,242,984,928.6","1,447,857,728,070","1,516,490,432,473","1,519,973,328,859","1,512,562,342,876","1,499,548,239,440","1,539,075,172,934","1,592,737,262,574","1,682,709,893,787","1,559,296,955,608","1,375,954,263,496","1,419,405,181,768","1,463,471,549,090","1,335,238,733,737","1,247,858,352,016","1,231,649,681,720","1,275,696,317,794","1,030,430,904,723","999,832,277,146","946,199,000,877","1,064,894,127,051","904,052,894,304","1,011,361,245,258","972,289,213,210","1,042,595,373,288","947,936,415,705","955,469,521,536","916,198,056,389","1,013,960,696,668","975,589,061,504","1,030,226,697,824","1,112,226,584,892","1,118,710,672,341","1,046,348,380,652","1,077,976,928,496","1,151,344,756,416","1,159,527,378,060","1,016,595,885,960","1,017,150,601,600","1,123,738,629,165","1,077,801,089,300","942,540,962,572","893,244,378,829","921,360,609,460","983,947,694,398","839,890,169,112","812,367,821,588","865,017,461,675","420,344,069,681","386,830,831,076","465,461,837,822","468,383,849,725","648,552,216,424","693,707,448,780","752,895,713,424","796,412,796,597","1,010,400,631,253","657,135,354,915","770,083,620,542"
CostOfRevenue,"12,345,567,000,000","2,966,552,000,000","2,957,091,000,000","3,166,483,000,000","3,255,441,000,000","3,158,104,000,000","3,004,708,000,000","3,162,696,000,000","3,073,933,000,000","3,063,005,000,000","2,988,854,000,000","2,874,789,000,000","2,928,589,000,000","2,736,728,000,000","2,522,871,000,000","2,677,660,000,000","2,828,442,000,000","2,789,606,000,000","2,828,705,000,000","2,885,646,000,000","3,376,123,000,000","2,445,502,000,000","2,270,897,000,000","2,238,262,000,000","2,277,016,000,000","2,208,846,000,000","2,150,812,000,000","2,124,409,000,000","2,050,556,000,000","1,800,557,000,000","1,702,835,000,000","1,791,214,000,000","1,777,708,000,000","1,446,474,000,000","1,405,811,000,000","1,289,640,000,000","1,647,432,000,000","1,517,648,000,000","1,647,625,000,000","1,684,136,000,000","1,694,201,000,000","1,610,147,000,000","1,556,549,000,000","1,553,824,000,000","1,486,945,000,000","1,833,960,000,000","2,050,545,743,880","2,042,799,509,350","2,156,140,280,440","2,147,535,522,340","2,090,294,276,950","2,112,322,133,790","2,174,358,044,110","1,945,598,422,320","1,883,291,626,360","1,863,605,114,900","2,034,396,163,140","1,734,205,752,910","1,642,800,417,720","1,590,704,867,280","1,679,280,838,960","1,480,607,466,000","1,445,911,737,480","1,441,000,570,000","1,451,107,990,540","1,371,903,537,730","1,397,524,500,140","1,386,826,358,400","1,411,609,278,440","1,375,460,241,000","1,295,083,982,730","1,317,349,550,220","1,437,885,696,650","1,179,173,285,680","1,188,846,268,530","1,219,894,969,391.28","1,383,379,934,158.88","1,109,544,734,550","1,022,696,566,560","1,083,461,614,900","826,392,767,312.6","997,392,422,325","1,043,003,683,997","1,040,540,535,265","857,951,262,322","1,006,264,998,876","1,021,731,162,062","1,099,187,798,124","1,011,610,646,118","1,080,642,070,842","931,296,918,288","990,949,197,280","834,720,610,615","939,298,274,406","879,491,938,949",,,,"723,403,823,180","695,625,937,755","642,419,731,674","645,752,067,360",,"717,074,369,212","610,362,498,966","703,299,022,905",,"665,379,142,120","547,954,325,100","714,045,030,880","740,752,707,256","810,771,062,409","617,294,874,130","771,144,114,959","772,653,676,496","849,330,768,864","662,449,599,000","743,978,403,060",,"829,764,232,590",,,,,,,,,,,,,,,,,,,
GrossProfit,"3,176,499,000,000","781,041,000,000","772,012,000,000","829,770,000,000","793,676,000,000","815,551,000,000","837,004,000,000","861,437,000,000","840,795,000,000","894,118,000,000","787,345,000,000","838,307,000,000","834,845,000,000","764,340,000,000","740,097,000,000","794,070,000,000","829,447,000,000","827,617,000,000","792,572,000,000","819,116,000,000","658,957,000,000","844,462,000,000","743,879,000,000","750,017,000,000","820,230,000,000","812,043,000,000","739,409,000,000","709,686,000,000","694,404,000,000","625,235,000,000","568,451,000,000","644,695,000,000","627,354,000,000","496,071,000,000","480,081,000,000","424,956,000,000","565,647,000,000","592,766,000,000","604,286,000,000","677,327,000,000","585,366,000,000","630,593,000,000","500,106,000,000","448,388,000,000","296,953,000,000","699,297,000,000","765,815,414,760","827,740,024,740","834,641,443,880","907,455,027,890","882,964,185,100","819,385,409,370","914,667,257,630","822,927,183,890","745,951,559,200","739,349,512,800","786,978,546,160","741,729,355,600","692,272,782,740","673,284,885,600","685,392,279,740","649,497,246,000","649,939,471,920","630,777,608,000","693,196,345,670","618,016,109,430","621,208,728,180","619,041,921,120","704,231,062,340","614,443,508,350","620,345,592,780","617,201,331,640","643,008,887,980","577,672,477,120","560,911,790,850","540,035,045,788.21","566,727,717,592.3","466,923,380,700","481,396,184,640","464,477,129,130","596,850,217,616","450,465,305,745","473,486,748,476","479,432,793,594","654,611,080,554","493,283,240,564","517,344,010,872","493,549,464,450","671,099,247,669","478,654,884,766","444,657,345,208","428,455,984,488","628,750,938,475","395,940,459,331","368,366,413,067",,,,"276,428,453,966","250,573,063,122","422,474,395,377","258,300,826,944",,"255,214,843,998","432,232,874,322","244,637,392,800",,"250,818,914,269","466,006,371,568","261,544,030,624","289,473,990,568","301,455,522,483","501,415,798,211","275,204,265,693","305,323,252,000","302,013,987,552","497,077,779,060","272,617,482,900",,"293,974,396,575",,,,,,,,,,,,,,,,,,,
OperatingExpense,"2,494,880,000,000","614,392,000,000","551,876,000,000","577,301,000,000","751,311,000,000","645,404,000,000","622,529,000,000","562,054,000,000","713,969,000,000","609,542,000,000","634,400,000,000","569,096,000,000","696,743,000,000","556,655,000,000","512,016,000,000","527,227,000,000","893,278,000,000","664,538,000,000","627,730,000,000","579,830,000,000","528,092,000,000","667,209,000,000","579,437,000,000","551,974,000,000","654,937,000,000","583,469,000,000","567,958,000,000","524,723,000,000","558,415,000,000","493,294,000,000","467,584,000,000","468,682,000,000","515,378,000,000","451,773,000,000","427,570,000,000","402,377,000,000","519,441,000,000","467,113,000,000","440,813,000,000","442,884,000,000","489,269,000,000","453,622,000,000","434,563,000,000","423,224,000,000","579,960,000,000","596,845,000,000","617,569,148,640","606,096,012,470","671,153,370,240","630,267,139,090","596,488,809,050","597,696,887,370","664,339,362,330","617,820,350,700","553,090,032,660","535,616,120,100","447,112,312,770","546,493,905,790","529,785,547,060","502,911,642,720","543,959,058,380","492,099,335,200","476,835,037,560","470,908,110,800","556,047,065,940","457,050,955,820","469,446,911,800","468,982,039,680","498,813,340,070","455,398,494,300","467,388,666,510","446,526,757,360","475,423,580,600","422,854,146,880","396,640,499,600","388,633,452,693.57","365,544,074,245.44","370,535,908,150","384,078,896,640","360,163,439,860","519,557,280,318.2","344,697,839,460","368,921,725,770","354,163,129,946","548,434,206,910","355,724,013,676","363,530,899,420","350,145,732,654","562,883,043,747","351,215,866,318","325,314,065,976","318,286,829,168","489,794,907,868","295,264,059,895","276,405,704,812",,,,"250,690,548,952","224,322,066,606","399,410,204,360","229,566,452,430",,"229,413,790,765","410,261,816,100","226,099,860,435",,"228,614,712,942","445,875,500,172","238,530,851,616","264,930,509,696","260,406,848,700","471,290,650,475","253,179,429,322","254,559,942,624","251,533,581,216","470,431,083,375","245,057,198,790",,"248,009,981,475",,,,,,,,,,,,,,,,,,,
	SellingGeneralAndAdministration,"1,683,483,000,000","379,648,000,000","376,494,000,000","407,449,000,000","519,892,000,000","444,556,000,000","438,289,000,000","371,656,000,000","494,956,000,000","422,923,000,000","462,449,000,000","394,823,000,000","474,572,000,000","380,356,000,000","384,621,000,000","361,663,000,000","698,152,000,000","497,167,000,000","479,067,000,000","434,488,000,000","395,134,000,000","499,430,000,000","417,146,000,000","408,840,000,000","471,084,000,000","425,949,000,000","416,863,000,000","383,061,000,000","402,783,000,000","354,767,000,000","327,472,000,000","342,683,000,000","367,862,000,000","317,354,000,000","299,897,000,000","292,167,000,000","395,615,000,000","343,003,000,000","319,433,000,000","324,609,000,000","351,275,000,000","341,355,000,000","323,062,000,000","321,632,000,000","439,884,000,000","447,497,000,000","481,402,992,840","468,776,554,940","515,041,646,760","482,619,880,580","456,638,304,830","456,062,553,870","500,304,250,400","474,733,633,640","424,436,994,760","419,147,958,000","447,337,678,000","421,415,659,360","405,310,339,280","380,344,954,320","415,518,773,140","376,359,541,600","360,735,114,960","362,805,879,360","438,272,167,080","345,093,846,980","353,256,013,440","366,467,068,800","381,945,774,790","348,972,555,100","362,496,963,690","338,719,708,340","368,732,899,620","318,062,147,840","307,754,797,280","294,535,440,242.33","344,779,031,596.01","283,546,500,700","258,431,464,800","280,150,701,600","273,968,175,322.6","261,304,850,235","285,220,815,645","276,669,493,204","287,154,573,003","277,670,488,464","292,179,238,130","277,985,397,162","334,196,111,023","276,575,628,399","258,448,571,584","246,350,153,868","98,325,876,292","295,264,059,895","276,405,704,812",,,,"250,690,548,952","224,322,066,606","274,519,279,005","229,566,452,430",,"229,413,790,765","266,940,043,728","226,099,860,435",,"228,614,712,942","272,141,723,648","238,530,851,616","264,930,509,696","260,406,848,700","280,448,119,353","253,179,429,322","254,559,942,624","251,533,581,216","278,535,831,375","245,057,198,790",,"248,009,981,475",,,,,,,,,,,,,,,,,,,
		SellingAndMarketingExpense,,,,,,,,,,,,,,,,,,,,,,,,,,,,,,,"327,472,000,000",,,,,,,,,,,,,,,,,,,,,,,,,,,,,,,,,,,,,,,,,,,,,,,,,,,,,,,,,,,,,,,,,,,,,,,,,,,,,,,,,,,,,,,,,,,,,,,,,,,,,,,,,,,,
	ResearchAndDevelopment,"811,397,000,000","234,744,000,000","175,382,000,000","169,852,000,000","231,419,000,000","200,848,000,000","184,240,000,000","190,398,000,000","219,013,000,000","186,619,000,000","171,951,000,000","174,273,000,000","222,171,000,000","176,299,000,000","127,395,000,000","165,564,000,000","195,126,000,000","167,371,000,000","148,663,000,000","145,342,000,000","132,958,000,000","167,779,000,000","162,291,000,000","143,134,000,000","183,853,000,000","157,520,000,000","151,095,000,000","141,662,000,000","155,632,000,000","138,527,000,000","140,112,000,000","125,999,000,000","147,516,000,000","134,419,000,000","127,673,000,000","110,210,000,000","123,826,000,000","124,110,000,000","121,380,000,000","118,275,000,000","137,994,000,000","112,267,000,000","111,501,000,000","101,592,000,000","140,076,000,000","149,348,000,000","136,166,155,800","137,319,457,530","156,323,203,630","147,647,258,510","139,850,504,220","141,511,173,210","163,917,291,610","143,086,717,060","128,535,007,590","116,468,162,100","137,957,718,390","124,960,136,660","124,361,739,040","122,566,688,400","128,337,679,040","115,842,399,800","116,099,922,600","108,102,231,440","117,882,137,470","111,957,108,840","116,190,898,360","102,634,731,360","116,630,813,110","106,544,718,150","104,891,702,820","107,926,569,030","106,690,680,980","104,660,350,800","88,885,702,320","94,098,012,451.24","105,603,372,660.61","86,989,407,450","86,504,256,000","80,012,738,260","78,957,583,195.2","83,392,989,225","83,700,910,125","77,493,636,742","85,764,570,837","78,053,525,212","71,351,661,290","72,160,335,492","74,196,002,684","74,640,237,919","66,865,494,392","71,936,675,300",,,,,,,,,,,,,,,,,,,,,,,,,,,,,,,,,,,,,,,,,,,,,,,
	DepreciationAmortizationDepletionIncomeStatement,,,,,,,,,,,,,,,,,,,,,,,,,,,,,,,,,,,,,,,,,,,,,,,,,,,,,,,,,,,,,,,,,,,,,,,,,,,,,,,"39,143,175,840",,,,,,,,,,,,,,,,,,,,,,,,,,,,,,,,,,,,,,,,,,,,,,,,,,,,,,,,,,,,
		DepreciationAndAmortizationInIncomeStatement,,,,,,,,,,,,,,,,,,,,,,,,,,,,,,,,,,,,,,,,,,,,,,,,,,,,,,,,,,,,,,,,,,,,,,,,,,,,,,,"39,143,175,840",,,,,,,,,,,,,,,,,,,,,,,,,,,,,,,,,,,,,,,,,,,,,,,,,,,,,,,,,,,,
	OtherOperatingExpenses,,,,,,,,,,,,,,,,,,,,,,,,,,,,,,,,,,,,,,,,,,,,,,,,,"-211,480,150",,,"123,160,290",,,"118,030,310",,"-138,183,083,620","118,109,770","113,468,740",,,"-102,606,200",,,,,,"-119,760,480","236,752,170","-118,778,950",,"-119,520,010",,"131,648,240",,,,,,,,,,,,,,,,,,,,,,,,,,,,,,,,,,,,,,,,,,,,,,,,,,,,,,,,,,,,,,,,,
OperatingIncome,"681,619,000,000","166,649,000,000","220,136,000,000","252,469,000,000","42,365,000,000","170,147,000,000","214,475,000,000","299,383,000,000","126,826,000,000","284,576,000,000","152,945,000,000","269,211,000,000","138,102,000,000","207,685,000,000","228,081,000,000","266,843,000,000","-63,831,000,000","163,079,000,000","164,842,000,000","239,286,000,000","130,865,000,000","177,253,000,000","164,442,000,000","198,043,000,000","165,293,000,000","228,574,000,000","171,451,000,000","184,963,000,000","135,989,000,000","131,941,000,000","100,867,000,000","176,013,000,000","111,976,000,000","44,298,000,000","52,511,000,000","22,579,000,000","46,206,000,000","125,653,000,000","163,473,000,000","234,443,000,000","96,097,000,000","176,971,000,000","65,543,000,000","25,164,000,000","-283,007,000,000","102,452,000,000","148,246,266,120","221,644,012,270","163,488,073,640","277,187,888,800","286,475,376,050","221,688,522,000","250,327,895,300","205,106,833,190","192,861,526,540","203,733,392,700","339,866,233,390","195,235,449,810","162,487,235,680","170,373,242,880","141,433,221,360","157,397,910,800","173,104,434,360","159,869,497,200","137,149,279,730","160,965,153,610","151,761,816,380","150,059,881,440","205,417,722,270","159,045,014,050","152,956,926,270","170,674,574,280","167,585,307,380","154,818,330,240","164,271,291,250","151,401,593,094.64","201,183,643,346.86","96,387,472,550","97,317,288,000","104,313,689,270","77,292,937,297.8","105,767,466,285","104,565,022,706","125,269,663,648","106,176,873,644","137,559,226,888","153,813,111,452","143,403,731,796","108,216,203,922","127,439,018,448","119,343,279,232","110,169,155,320","138,956,030,607","100,676,399,436","91,960,708,255","1,231,649,681,720","-2,861,901,459,176","1,030,430,904,723","25,737,905,014","26,250,996,516","23,064,191,017","28,734,374,514","1,011,361,245,258","25,801,053,233","21,971,058,222","18,537,532,365","955,469,521,536","22,204,201,327","20,130,871,396","23,013,179,008","24,543,480,872","41,048,673,783","30,125,147,736","22,024,836,371","50,763,309,376","50,480,406,336","26,646,695,685","27,560,284,110","1,017,150,601,600","45,964,415,100","-2,552,535,541,564","942,540,962,572","893,244,378,829","921,360,609,460","-2,341,235,880,877","839,890,169,112","812,367,821,588","865,017,461,675","-1,092,017,448,771","386,830,831,076","465,461,837,822","468,383,849,725","-2,052,499,738,317","693,707,448,780","752,895,713,424","796,412,796,597","-1,594,573,224,497","657,135,354,915","770,083,620,542"
NetNonOperatingInterestIncomeExpense,"32,734,000,000","4,775,000,000","8,065,000,000","10,600,000,000","9,294,000,000","8,740,000,000","8,417,000,000","8,950,000,000","7,320,000,000","8,239,000,000","6,519,000,000","6,143,000,000","5,563,000,000","5,738,000,000","4,269,000,000","4,348,000,000","2,548,000,000","2,812,000,000","1,995,000,000","2,967,000,000","4,127,000,000","1,906,000,000","2,071,000,000","739,000,000","3,444,000,000","1,771,000,000","3,090,000,000","3,018,000,000","2,607,000,000","2,749,000,000","3,546,000,000","4,683,000,000","5,473,000,000","6,330,000,000","5,988,000,000","5,292,000,000","4,531,000,000","4,052,000,000","3,634,000,000","2,886,000,000","832,000,000","3,200,000,000","631,000,000","1,017,000,000","2,594,000,000","5,120,000,000",,,,,,,,,,,,,,,,,,,,,,,,,,,,,,,,,,,,,,,,,,,,,,,,,,,,,,,,,,,,,,,,,,,,,,,,,,,,,,,,,,,,,,,,,,,,,
	InterestIncomeNonOperating,"51,011,000,000","12,305,000,000","12,065,000,000","14,195,000,000","12,446,000,000","12,848,000,000","11,411,000,000","11,913,000,000","10,997,000,000","11,381,000,000","9,816,000,000","8,997,000,000","9,250,000,000","8,331,000,000","7,368,000,000","7,440,000,000","7,156,000,000","7,218,000,000","6,302,000,000","7,792,000,000","8,726,000,000","6,702,000,000","6,457,000,000","5,152,000,000","6,486,000,000","5,620,000,000","5,928,000,000","5,992,000,000","5,821,000,000","5,561,000,000","6,661,000,000","7,699,000,000","8,342,000,000","8,775,000,000","8,508,000,000","7,836,000,000","6,741,000,000","6,069,000,000","5,707,000,000","5,060,000,000","5,088,000,000","4,372,000,000","3,944,000,000","4,828,000,000","7,457,000,000","11,386,000,000",,,,,,,,,,,,,,,,,,,,,,,,,,,,,,,,,,,,,,,,,,,,,,,,,,,,,,,,,,,,,,,,,,,,,,,,,,,,,,,,,,,,,,,,,,,,,
	InterestExpenseNonOperating,"18,277,000,000","7,530,000,000","4,000,000,000","3,595,000,000","3,152,000,000","4,108,000,000","2,994,000,000","2,963,000,000","3,677,000,000","3,142,000,000","3,297,000,000","2,854,000,000","3,687,000,000","2,593,000,000","3,099,000,000","3,092,000,000","4,608,000,000","4,406,000,000","4,307,000,000","4,825,000,000","4,599,000,000","4,796,000,000","4,386,000,000","4,413,000,000","3,042,000,000","3,849,000,000","2,838,000,000","2,974,000,000","3,214,000,000","2,812,000,000","3,115,000,000","3,016,000,000","2,869,000,000","2,445,000,000","2,520,000,000","2,544,000,000","2,210,000,000","2,017,000,000","2,073,000,000","2,174,000,000","4,256,000,000","1,172,000,000","3,313,000,000","3,811,000,000","4,863,000,000","6,266,000,000",,,,,,,,,,,,,,,,,,,,,,,,,,,,,,,,,,,,,,,,,,,,,,,,,,,,,,,,,,,,,,,,,,,,,,,,,,,,,,,,,,,,,,,,,,,,,
OtherIncomeExpense,"182,939,000,000","35,309,000,000","61,423,000,000","26,742,000,000","59,465,000,000","48,040,000,000","60,150,000,000","49,949,000,000","56,302,000,000","54,082,000,000","83,139,000,000","59,671,000,000","43,328,000,000","47,512,000,000","38,216,000,000","17,301,000,000","2,577,000,000","34,999,000,000","44,102,000,000","40,074,000,000","98,452,000,000","14,956,000,000","13,352,000,000","31,000,000","5,969,000,000","-13,733,000,000","-8,954,000,000","-15,946,000,000","-40,522,000,000","-44,913,000,000","1,847,000,000","14,084,000,000","-24,392,000,000","7,864,000,000","18,056,000,000","1,428,000,000","25,878,000,000","1,875,000,000","-903,000,000","18,820,000,000",,"9,904,000,000","-34,000,000","-20,723,000,000","-29,160,000,000","-20,822,000,000","21,617,039,520","47,259,983,450","-5,512,046,960","7,712,082,390","1,377,837,480","24,385,737,420","17,939,193,890","3,452,175,370","-13,809,546,270","7,329,363,200","147,883,142,570","-4,724,390,800","31,090,434,760","-6,544,284,720","9,201,187,960","58,895,958,800","21,349,180,080","33,387,711,320","-16,131,527,330","67,667,562,910","54,304,191,460","11,976,048,000","-10,008,386,180","16,866,610,900","-26,283,767,760","6,693,120,560","7,557,014,350","-20,142,180,720","-19,234,674,830","-4,277,749,339.92","11,461,147,944.57","-3,782,148,150","756,912,240","5,093,649,120","9,603,279,888.2","2,607,628,725","1,711,218,607","-36,359,229","6,825,381,014","489,899,516","1,245,062,546","6,349,109,226","13,186,509,741","5,126,857,064","7,278,204,832","10,065,402,536","1,392,291,170","8,772,632,316","6,817,680,612",,,,"6,944,992,384","4,686,465,096","1,878,029,380","7,315,471,170",,"18,457,449,375","4,912,324,563","4,352,581,350",,"4,246,646,866","2,991,567,372","6,165,135,808","7,769,504,448","6,302,600,541","10,482,192,065","9,557,005,005","4,261,250,604","6,423,776,448","-896,069,700","11,208,663,060",,"9,482,063,115",,,,,,,,,,,,,,,,,,,
	EarningsFromEquityInterest,"208,927,000,000","41,552,000,000","63,949,000,000","44,230,000,000","59,196,000,000","51,403,000,000","63,926,000,000","54,302,000,000","57,920,000,000","54,512,000,000","82,263,000,000","52,948,000,000","48,581,000,000","49,129,000,000","39,861,000,000","27,222,000,000","8,390,000,000","45,097,000,000","34,199,000,000","38,315,000,000",,,,,,,,,,,,,,,,,,,,,,,,,,,"27,233,231,160","38,232,795,600","23,664,044,570","31,407,176,110","26,293,731,910","37,071,247,290","19,998,829,430","25,831,795,010","27,383,031,920","30,233,623,200","22,568,702,660","29,763,662,040","25,984,341,460","21,185,735,280","19,741,629,760","29,345,373,200","28,282,161,240","18,814,573,480","14,151,025,520","24,986,596,130","23,305,084,220","12,694,610,880","18,225,286,900","15,441,263,500","16,427,354,850","11,832,480,990","13,698,906,690","11,585,045,120","8,362,902,100",,,,,,,,,,,,,,,,,,,,,,,,,,,,,,,,,,,,,,,,,,,,,,,,,,,,,,,,,,,,,,,,
	SpecialIncomeCharges,,,,,,,,,,,,,,,,,,,,,,,,,,,,,,,"1,847,000,000","14,084,000,000",,"7,864,000,000","18,056,000,000","1,428,000,000",,"1,875,000,000","-903,000,000","18,820,000,000",,"9,904,000,000","-34,000,000","-20,723,000,000","-128,194,000,000","-20,822,000,000","-5,616,191,640","9,027,187,850","-29,176,091,530","-23,695,093,720","-24,915,894,430","-12,685,509,870","-2,059,635,540","-22,379,619,640","-41,192,578,190","-22,904,260,000","125,314,439,910","-34,488,052,840","5,106,093,300","-27,730,020,000","-10,540,441,800","29,550,585,600","-6,932,981,160","14,573,137,840","-30,282,552,850","42,680,966,780","30,999,107,240","-718,562,880","-28,233,673,080","1,425,347,400","-42,711,122,610","-5,139,360,430","-6,141,892,340","-31,727,225,840","-27,597,576,930","-4,277,749,339.92","-14,701,332,720.09","-3,782,148,150","756,912,240","5,093,649,120","9,603,279,888.2","2,607,628,725","1,711,218,607","-36,359,229","6,825,381,014","489,899,516","1,245,062,546","6,349,109,226","13,186,509,741","5,126,857,064","7,278,204,832","10,065,402,536","1,392,291,170","8,772,632,316","6,817,680,612",,,,"6,944,992,384","4,686,465,096","1,878,029,380","7,315,471,170",,"18,457,449,375","4,912,324,563","4,352,581,350",,"4,246,646,866","2,991,567,372","6,165,135,808","7,769,504,448","6,302,600,541","10,482,192,065","9,557,005,005","4,261,250,604","6,423,776,448","-896,069,700","11,208,663,060",,"9,482,063,115",,,,,,,,,,,,,,,,,,,
		OtherSpecialCharges,,,,,,,,,,,,,,,,,,,,,,,,,,,,,,,"-1,847,000,000","-14,084,000,000",,,,,,,,,,,,,,,,,,,,,,,,,,,,,,,,,,,,,,,,,,,,,,,,,,,,,,,,,,,,,,,,,,,,,,,,,,,,,,,,,,,,,,,,,,,,,,,,,,,,,,,,,,,
	OtherNonOperatingIncomeExpenses,"-7,434,000,000","-6,243,000,000","-2,526,000,000","-17,488,000,000","18,823,000,000","-3,363,000,000","-3,776,000,000","-4,353,000,000","-4,276,000,000","-430,000,000","876,000,000","6,723,000,000","19,328,000,000","-1,617,000,000","-1,645,000,000","-9,921,000,000","-2,937,000,000","-10,098,000,000","9,903,000,000","1,759,000,000","-28,238,000,000","14,956,000,000","13,352,000,000","31,000,000","5,969,000,000","-13,733,000,000","-8,954,000,000","-15,946,000,000","-40,522,000,000","-44,913,000,000",,,,,,,,,,,,,,,,,,,,,,,,,,,,,,,,,,,,,,,,,,,,,,,,,,,,,,,,,,,,,,,,,,,,,,,,,,,,,,,,,,,,,,,,,,,,,,,,,,,,,,,,,,,,,
PretaxIncome,"897,292,000,000","206,733,000,000","289,624,000,000","289,811,000,000","111,124,000,000","226,927,000,000","283,042,000,000","358,282,000,000","190,448,000,000","346,897,000,000","242,603,000,000","335,025,000,000","186,993,000,000","260,935,000,000","270,566,000,000","288,492,000,000","-58,706,000,000","200,890,000,000","210,939,000,000","282,327,000,000","233,444,000,000","194,115,000,000","179,865,000,000","198,813,000,000","174,706,000,000","216,612,000,000","165,587,000,000","172,035,000,000","98,074,000,000","89,777,000,000","106,260,000,000","194,780,000,000","93,057,000,000","58,492,000,000","76,555,000,000","29,299,000,000","76,615,000,000","131,580,000,000","166,204,000,000","256,149,000,000","93,587,000,000","171,013,000,000","66,140,000,000","5,458,000,000","-309,573,000,000","86,750,000,000","148,882,061,400","235,344,097,360","141,672,864,280","261,651,954,710","270,170,965,870","218,240,033,880","255,581,801,180","191,536,212,770","158,750,766,950","187,242,325,500","333,912,299,870","166,416,665,930","169,181,891,340","144,307,024,080","130,342,735,280","187,666,739,800","165,731,263,920","174,007,616,000","45,550,122,440","228,311,000,690","207,292,591,220","160,479,043,200","194,610,918,370","174,248,719,650","126,308,106,180","175,335,854,670","173,079,289,630","132,043,184,720","143,005,625,910","144,393,622,874.69","124,830,791,729.93","89,625,450,100","96,560,375,760","106,966,631,520","77,973,593,296.8","108,559,162,920","109,943,138,328","122,845,715,048","96,735,268,840","140,487,230,972","148,066,668,932","141,833,820,762","103,788,458,648","125,699,549,087","121,006,180,336","114,261,807,604","134,026,201,370","102,973,993,614","91,225,468,189",,,,"24,731,670,322","22,736,147,694","16,640,102,332","27,739,072,314",,"35,034,699,907","17,356,382,055","15,211,713,795",,"17,178,646,870","13,898,918,352","18,482,927,392","22,385,285,192","35,576,355,948","19,580,662,937","21,849,936,933","44,218,771,844","46,441,422,432","21,229,349,115","29,785,732,950",,"45,127,314,825",,,,,,,,,,,,,,,,,,,
TaxProvision,"370,366,000,000","75,043,000,000","79,451,000,000","100,219,000,000","115,653,000,000","42,059,000,000","53,817,000,000","91,560,000,000","68,730,000,000","-242,871,000,000","50,958,000,000","109,517,000,000","75,681,000,000","74,457,000,000","78,828,000,000","98,626,000,000","20,274,000,000","61,769,000,000","68,598,000,000","78,451,000,000","38,912,000,000","74,087,000,000","50,344,000,000","81,796,000,000","32,282,000,000","80,111,000,000","69,430,000,000","70,839,000,000","28,234,000,000","28,096,000,000","44,813,000,000","77,833,000,000","48,938,000,000","33,247,000,000","29,644,000,000","23,906,000,000","49,151,000,000","87,036,000,000","59,229,000,000","11,411,000,000","38,772,000,000","64,440,000,000","33,158,000,000","10,499,000,000","-116,932,000,000","93,151,000,000","47,260,782,480","86,236,194,520","137,928,387,340","84,162,290,430","81,407,231,110","82,394,234,010","79,079,439,280","72,495,682,770","58,425,003,450","73,866,238,500","137,799,362,120","62,716,287,870","61,726,994,560","54,794,519,520","55,118,765,080","66,488,817,600","66,798,723,240","78,629,691,480","46,496,728,290","77,426,276,420","69,803,745,080","58,802,395,680","78,504,707,230","59,033,138,150","39,182,283,420","67,887,365,680","67,354,668,050","49,763,034,720","58,420,844,670","55,041,223,006.14","57,727,520,667.22","42,291,292,950","38,386,263,600","43,189,899,830","23,616,935,384.8","45,260,253,870","46,415,476,129","49,824,263,473","29,994,456,384","64,666,736,112","67,958,523,802","63,741,166,584","33,459,160,186","60,305,964,087","56,755,537,680","51,977,830,408","70,403,191,706","40,996,970,863","42,020,083,772",,,,"12,577,933,650","10,790,755,683","6,216,449,090","14,770,284,648",,"11,911,207,330","9,727,779,852","8,448,472,005",,"11,107,435,647","9,617,965,584","10,807,707,712","12,553,504,872","19,058,762,115","8,540,647,097","11,118,607,130","22,461,171,408","25,060,999,104","6,859,766,910","13,054,157,220",,"21,566,747,085",,,,,,,,,,,,,,,,,,,
EarningsFromEquityInterestNetOfTax,,,,,,,,,,,,,,,,,,,,,"36,669,000,000","28,562,000,000","22,751,000,000","38,588,000,000","37,387,000,000","31,631,000,000","31,686,000,000","31,767,000,000","13,083,000,000","21,411,000,000","27,497,000,000","20,732,000,000","33,295,000,000","22,911,000,000","15,562,000,000","28,638,000,000","25,014,000,000","43,443,000,000","35,608,000,000","35,691,000,000","23,884,000,000","32,806,000,000","22,349,000,000","14,243,000,000",,,,,,,,,,,,,,,,,,,,,,,,,,,,,,,,,,,,,,,,,,,,,,,,,,,,,,,,,,,,,,,,,,,,,,,,,,,,,,,,,,,,,,,,,,,,,,,
NetIncomeCommonStockholders,"472,265,000,000","116,432,000,000","196,554,000,000","172,302,000,000","-13,023,000,000","168,238,000,000","210,771,000,000","244,330,000,000","107,745,000,000","570,251,000,000","174,006,000,000","207,335,000,000","95,959,000,000","168,815,000,000","177,096,000,000","174,699,000,000","-93,444,000,000","124,187,000,000","127,751,000,000","186,037,000,000","84,509,000,000","136,516,000,000","141,898,000,000","146,512,000,000","170,508,000,000","160,732,000,000","120,368,000,000","122,499,000,000","75,752,000,000","77,441,000,000","82,233,000,000","131,723,000,000","71,594,000,000","47,662,000,000","60,429,000,000","31,797,000,000","44,554,000,000","81,118,000,000","135,929,000,000","272,487,000,000","72,176,000,000","134,627,000,000","54,037,000,000","7,560,000,000","-186,164,000,000","20,242,000,000","122,814,454,920","179,800,341,530","21,758,939,020","200,625,911,450","208,627,558,430","166,143,231,210","176,234,876,080","144,872,325,010","127,826,825,730","143,609,710,200","218,917,452,630","133,345,930,330","133,552,706,980","110,587,319,760","94,965,599,960","150,523,295,400","127,214,701,920","114,192,498,000","74,115,950,150","150,884,724,270","137,488,846,140","101,676,647,520","116,106,211,140","115,215,581,500","87,125,822,760","107,448,488,990","105,724,621,580","82,280,150,000","84,584,781,240","89,352,399,868.55","67,103,271,062.71","47,334,157,150","58,174,112,160","63,776,731,690","54,356,657,912","63,298,909,050","63,527,662,199","73,021,451,575","66,740,812,456","75,820,494,860","80,108,145,130","78,092,654,178","70,329,298,462","65,393,585,000","64,250,642,656","62,283,977,196","63,623,009,664","61,977,022,751","49,205,384,417","45,742,721,660","28,280,673,903","18,557,679,847","12,153,736,672","11,945,392,011","10,423,653,242","12,968,787,666","14,752,849,748","23,123,492,577","7,628,602,203","6,763,241,790","3,234,529,880","6,071,211,223","4,280,952,768","7,675,219,680","9,831,780,320","16,517,593,833","11,040,015,840","10,731,329,803","21,757,600,436","21,380,423,328","14,369,582,205","16,731,575,730",,"23,560,567,740",,,,,,,,,,,,,,,,,,,
	NetIncome,"472,265,000,000","116,432,000,000","196,554,000,000","172,302,000,000","-13,023,000,000","168,238,000,000","210,771,000,000","244,330,000,000","107,745,000,000","570,251,000,000","174,006,000,000","207,335,000,000","95,959,000,000","168,815,000,000","177,096,000,000","174,699,000,000","-93,444,000,000","124,187,000,000","127,751,000,000","186,037,000,000","84,509,000,000","136,516,000,000","141,898,000,000","146,512,000,000","170,508,000,000","160,732,000,000","120,368,000,000","122,499,000,000","75,752,000,000","77,441,000,000","82,233,000,000","131,723,000,000","71,594,000,000","47,662,000,000","60,429,000,000","31,797,000,000","44,554,000,000","81,118,000,000","135,929,000,000","272,487,000,000","72,176,000,000","134,627,000,000","54,037,000,000","7,560,000,000","-186,164,000,000","20,242,000,000","122,814,454,920","179,800,341,530","21,758,939,020","200,625,911,450","208,627,558,430","166,143,231,210","176,234,876,080","144,872,325,010","127,826,825,730","143,609,710,200","218,917,452,630","133,345,930,330","133,552,706,980","110,587,319,760","94,965,599,960","150,523,295,400","127,214,701,920","114,192,498,000","74,115,950,150","150,884,724,270","137,488,846,140","101,676,647,520","116,106,211,140","115,215,581,500","87,125,822,760","107,448,488,990","105,724,621,580","82,280,150,000","84,584,781,240","89,352,399,868.55","67,103,271,062.71","47,334,157,150","58,174,112,160","63,776,731,690","54,356,657,912","63,298,909,050","63,527,662,199","73,021,451,575","66,740,812,456","75,820,494,860","80,108,145,130","78,092,654,178","70,329,298,462","65,393,585,000","64,250,642,656","62,283,977,196","63,623,009,664","61,977,022,751","49,205,384,417","45,742,721,660","28,280,673,903","18,557,679,847","12,153,736,672","11,945,392,011","10,423,653,242","12,968,787,666","14,752,849,748","23,123,492,577","7,628,602,203","6,763,241,790","3,234,529,880","6,071,211,223","4,280,952,768","7,675,219,680","9,831,780,320","16,517,593,833","11,040,015,840","10,731,329,803","21,757,600,436","21,380,423,328","14,369,582,205","16,731,575,730",,"23,560,567,740",,,,,,,,,,,,,,,,,,,
		NetIncomeIncludingNoncontrollingInterests,"526,926,000,000","131,690,000,000","210,173,000,000","189,592,000,000","-4,529,000,000","184,868,000,000","229,225,000,000","266,722,000,000","121,718,000,000","589,768,000,000","191,645,000,000","225,508,000,000","111,312,000,000","186,478,000,000","191,738,000,000","189,866,000,000","-78,980,000,000","139,121,000,000","142,341,000,000","203,876,000,000","104,631,000,000","148,590,000,000","152,272,000,000","155,605,000,000","179,811,000,000","168,132,000,000","127,843,000,000","132,963,000,000","82,923,000,000","83,092,000,000","88,944,000,000","137,679,000,000","77,414,000,000","48,156,000,000","62,473,000,000","34,031,000,000","52,478,000,000","87,987,000,000","142,583,000,000","280,429,000,000","78,699,000,000","139,379,000,000","55,331,000,000","9,202,000,000","-189,883,000,000","24,394,000,000","128,748,544,200","187,340,698,440","27,520,290,820","208,785,071,080","215,057,466,670","173,040,207,450","196,382,150,800","144,872,325,010","127,826,825,730","143,609,710,200","218,917,452,630","133,345,930,330","133,552,706,980","110,587,319,760","94,965,599,960","150,523,295,400","127,214,701,920","114,192,498,000","74,115,950,150","150,884,724,270","137,488,846,140","101,676,647,520","116,106,211,140","115,215,581,500","87,125,822,760","107,448,488,990","105,724,621,580","82,280,150,000","84,584,781,240","89,352,399,868.55","67,103,271,062.71","47,334,157,150","58,174,112,160","63,776,731,690","54,356,657,912","63,298,909,050","63,527,662,199","73,021,451,575","66,740,812,456","75,820,494,860","80,108,145,130","78,092,654,178","70,329,298,462","65,393,585,000","64,250,642,656","62,283,977,196","63,623,009,664","61,977,022,751","49,205,384,417","45,742,721,660","28,280,673,903","18,557,679,847","12,153,736,672","11,945,392,011","10,423,653,242","12,968,787,666","14,752,849,748","23,123,492,577","7,628,602,203","6,763,241,790","3,234,529,880","6,071,211,223","2,477,805,884","7,675,219,680","9,831,780,320","16,517,593,833","9,764,454,816","10,731,329,803","21,757,600,436","21,380,423,328","6,679,662,180","16,731,575,730","21,890,849,904","23,560,567,740","21,216,801,109","22,506,467,436","17,513,501,155","15,229,814,780","24,487,390,221","24,509,803,720","22,527,104,787","26,099,377,075","15,028,373,510","13,841,838,960","16,655,466,120","16,760,023,500","16,582,758,922","18,147,908,430","18,005,519,070","32,388,874,749","44,785,266,767","33,941,399,262","36,909,809,906"
			NetIncomeContinuousOperations,"526,926,000,000","131,690,000,000","210,173,000,000","189,592,000,000","-4,529,000,000","184,868,000,000","229,225,000,000","266,722,000,000","121,718,000,000","589,768,000,000","191,645,000,000","225,508,000,000","111,312,000,000","186,478,000,000","191,738,000,000","189,866,000,000","-78,980,000,000","139,121,000,000","142,341,000,000","203,876,000,000","104,631,000,000","148,590,000,000","152,272,000,000","155,605,000,000","179,811,000,000","168,132,000,000","127,843,000,000","132,963,000,000","82,923,000,000","83,092,000,000","88,944,000,000","137,679,000,000","77,414,000,000","48,156,000,000","62,473,000,000","34,031,000,000","52,478,000,000","87,987,000,000","142,583,000,000","280,429,000,000","78,699,000,000","139,379,000,000","55,331,000,000","9,202,000,000","-189,883,000,000","24,394,000,000","122,814,454,920","179,800,341,530","21,758,939,020","200,625,911,450","208,627,558,430","166,143,231,210","176,234,876,080","144,872,325,010","127,826,825,730","143,609,710,200","218,917,452,630","133,345,930,330","133,552,706,980","110,587,319,760","94,965,599,960","150,523,295,400","127,214,701,920","114,192,498,000","74,115,950,150","150,884,724,270","137,488,846,140","101,676,647,520","116,106,211,140","115,215,581,500","87,125,822,760","107,448,488,990","105,724,621,580","82,280,150,000","84,584,781,240","89,352,399,868.55","67,103,271,062.71","47,334,157,150","58,174,112,160","63,776,731,690","54,356,657,912","63,298,909,050","63,527,662,199","73,021,451,575","66,740,812,456","75,820,494,860","80,108,145,130","78,092,654,178","70,329,298,462","65,393,585,000","64,250,642,656","62,283,977,196","63,623,009,664","61,977,022,751","49,205,384,417","45,742,721,660","28,280,673,903","18,557,679,847","12,153,736,672","11,945,392,011","10,423,653,242","12,968,787,666","14,752,849,748","23,123,492,577","7,628,602,203","6,763,241,790","3,234,529,880","6,071,211,223","4,280,952,768","7,675,219,680","9,831,780,320","16,517,593,833","11,040,015,840","10,731,329,803","21,757,600,436","21,380,423,328","14,369,582,205","16,731,575,730","21,890,849,904","23,560,567,740","26,028,651,415","22,506,467,436","17,513,501,155","15,229,814,780","24,487,390,221","24,509,803,720","22,527,104,787","26,099,377,075","15,028,373,510","13,841,838,960","16,655,466,120","16,760,023,500","16,582,758,922","18,147,908,430","18,005,519,070","32,388,874,749","44,785,266,767","33,941,399,262","36,909,809,906"
		MinorityInterests,"-54,661,000,000","-15,258,000,000","-13,619,000,000","-17,290,000,000","-8,494,000,000","-16,630,000,000","-18,454,000,000","-22,392,000,000","-13,973,000,000","-19,517,000,000","-17,639,000,000","-18,173,000,000","-15,353,000,000","-17,663,000,000","-14,642,000,000","-15,167,000,000","-14,464,000,000","-14,934,000,000","-14,590,000,000","-17,839,000,000","-20,122,000,000","-12,074,000,000","-10,374,000,000","-9,093,000,000","-9,303,000,000","-7,400,000,000","-7,475,000,000","-10,464,000,000","-7,171,000,000","-5,651,000,000","-6,711,000,000","-5,956,000,000","-5,820,000,000","-494,000,000","-2,044,000,000","-2,234,000,000","-7,924,000,000","-6,869,000,000","-6,654,000,000","-7,942,000,000","-6,523,000,000","-4,752,000,000","-1,294,000,000","-1,642,000,000","3,719,000,000","-4,152,000,000","-5,934,089,280","-7,540,356,910","-5,761,351,800","-8,159,159,630","-6,429,908,240","-6,896,976,240",,,,,,,,,,,,,,,,,,,,,,,,,,,,,,,,,,,,,,,,,,,,,,,,,,,,,,,,,,,,,,,,,,,,,,,,,,,,,,,,,,,,,,,
DilutedNIAvailtoComStockholders,"472,265,000,000","116,432,000,000","196,554,000,000","172,302,000,000","-13,023,000,000","168,238,000,000","210,771,000,000","244,330,000,000","107,745,000,000","570,251,000,000","174,006,000,000","207,335,000,000","95,959,000,000","168,815,000,000","177,096,000,000","174,699,000,000","-93,444,000,000","124,187,000,000","127,751,000,000","186,037,000,000","84,509,000,000","136,516,000,000","141,898,000,000","146,512,000,000","170,508,000,000","160,732,000,000","120,368,000,000","122,499,000,000","75,752,000,000","77,441,000,000","82,233,000,000","131,723,000,000","71,594,000,000","47,662,000,000","60,429,000,000","31,797,000,000","44,554,000,000","81,118,000,000","135,929,000,000","272,487,000,000","72,176,000,000","134,627,000,000","54,037,000,000","7,560,000,000","-186,164,000,000","20,242,000,000","122,814,454,920","179,800,341,530","21,758,939,020","200,625,911,450","208,627,558,430","166,143,231,210","176,234,876,080","144,872,325,010","127,826,825,730","143,609,710,200","218,917,452,630","133,345,930,330","133,552,706,980","110,587,319,760","94,965,599,960","150,523,295,400","127,214,701,920","114,192,498,000","74,115,950,150","150,884,724,270","137,488,846,140","101,676,647,520","116,106,211,140","115,215,581,500","87,125,822,760","107,448,488,990","105,724,621,580","82,280,150,000","84,584,781,240","89,352,399,868.55","67,103,271,062.71","47,334,157,150","58,174,112,160","63,776,731,690","54,356,657,912","63,298,909,050","63,527,662,199","73,021,451,575","66,740,812,456","75,820,494,860","80,108,145,130","78,092,654,178","70,329,298,462","65,393,585,000","64,250,642,656","62,283,977,196","63,623,009,664","61,977,022,751","49,205,384,417","45,742,721,660","28,280,673,903","18,557,679,847","12,153,736,672","11,945,392,011","10,423,653,242","12,968,787,666","14,752,849,748","23,123,492,577","7,628,602,203","6,763,241,790","3,234,529,880","6,071,211,223","4,280,952,768","7,675,219,680","9,831,780,320","16,517,593,833","11,040,015,840","10,731,329,803","21,757,600,436","21,380,423,328","14,369,582,205","16,731,575,730",,"23,560,567,740",,,,,,,,,,,,,,,,,,,
BasicEPS,,"66.37","111.7","97.92","-7.4","95.61","119.66","137.75","60.59","318.5","96.55","115.04","53.24","93.67","98.26","96.93","-51.85","68.91","70.88","103.22","54.29","75.75","78.73","81.29","94.61","89.18","66.79","67.97",,"42.97","45.63","73.09",,"26.45","33.53","17.64",,"45.01","75.24","150.27",,"74.19","29.78","4.17",,"11.16","67.702","99.097",,"110.506","115.279","91.397",,"79.448","70.004","78.55",,"72.519","72.359","59.864",,"80.751","67.921","60.783",,"79.239","71.51","52.946",,"59.342","44.743","55.147",,"42.22","43.415","45.848",,"24.355","29.736","32.631",,"32.468","32.683","37.571",,"39.021","41.046","39.942",,"33.678","32.836","31.813",,"31.911","25.344","23.607",,"9.542","6.166","6.155",,"6.718","7.663","11.813",,"3.348","1.591","3.201",,"4.056","5.096","8.492",,"5.622","11.284","11.028",,"8.481","11.056","11.796",,"11.498","9.071","3.959",,"1.567","1.004","1.335",,"0.607","0.731","0.735",,"0.811","0.779","1.733",,"19.17","24.283"
DilutedEPS,,"66.37","111.7","97.92","-7.4","95.61","119.66","137.75","60.59","318.5","96.55","115.04","53.24","93.67","98.26","96.93","-51.85","68.91","70.88","103.22","54.29","75.75","78.73","81.29","94.61","89.18","66.79","67.97",,"42.97","45.63","73.09",,"26.45","33.53","17.64",,"45.01","75.24","150.27",,"74.19","29.78","4.17",,"11.16","67.702","99.097",,"110.506","115.279","91.397",,"79.448","70.004","78.55",,"72.519","72.359","59.864",,"80.751","67.921","60.783",,"79.239","71.51","52.946",,"59.342","44.743","55.147",,"42.22","43.415","45.848",,"24.355","29.736","32.631",,"32.468","32.683","37.571",,"39.021","41.046","39.942",,"33.678","32.836","31.813",,"31.911","25.344","23.607",,"9.542","6.166","6.155",,"6.718","7.663","11.813",,"3.348","1.591","3.201",,"4.056","5.096","8.492",,"5.622","11.284","11.028",,"8.481","11.056","11.796",,"11.498","9.071","3.959",,"1.567","1.004","1.335",,"0.607","0.731","0.735",,"0.811","0.779","1.733",,"19.17","24.283"
BasicAverageShares,,"1,754,286,575","1,759,659,803","1,759,566,817","1,759,561,385","1,759,562,385","1,761,356,098","1,773,751,970","1,778,277,815","1,790,411,190","1,802,237,183","1,802,279,930","1,802,280,395","1,802,231,237","1,802,320,375","1,802,283,096","1,802,283,519","1,802,162,241","1,802,356,095","1,802,286,319","1,802,286,926","1,802,288,789","1,802,289,860","1,802,290,925","1,802,294,383","1,802,293,973","1,802,185,956","1,802,250,993",,"1,802,298,712","1,802,299,148","1,802,301,432",,"1,802,304,736","1,802,300,868","1,802,301,432",,"1,802,304,736","1,806,703,862","1,813,288,509",,"1,814,605,219","1,814,606,417","1,812,949,640",,"1,813,799,283","1,814,537,399","1,814,538,902",,"1,815,588,785","1,816,129,778","1,817,889,564",,"1,823,680,974","1,823,680,974","1,826,148,430",,"1,834,828,430","1,845,775,814","1,867,535,956",,"1,856,828,430","1,881,831,902","1,948,828,430",,"1,948,828,430","1,923,233,500","1,923,233,500",,"1,948,828,430","1,948,828,430","1,948,886,071",,"1,948,828,432","1,948,828,430","1,948,828,432",,"1,948,828,432","1,948,828,432","1,948,828,432",,"1,949,606,299","1,943,739,837","1,943,548,387",,"1,943,065,693","1,951,666,667","1,955,130,435",,"1,941,747,573","1,956,697,248","1,957,837,838",,"1,942,181,818","1,941,538,462","1,937,674,419",,"1,944,864,865","1,971,200,000","1,940,689,655",,"1,930,370,370","1,925,161,290","1,957,500,000",,"2,020,000,000","2,033,333,333","1,896,666,667",,"1,892,307,692","1,929,411,765","1,945,185,185",,"1,908,888,889","1,928,235,294","1,938,750,000",,"1,972,800,000","1,997,419,355","1,997,419,355",,"1,895,988,000","1,895,988,000","1,895,988,000",,"1,895,988,000","1,895,988,000","1,895,988,000",,"1,895,988,000","1,895,988,000","1,895,988,000",,"1,895,988,000","1,895,988,000","1,895,988,000",,"1,895,988,000","1,895,988,000"
DilutedAverageShares,,"1,754,286,575","1,759,659,803","1,759,566,817","1,759,561,385","1,759,562,385","1,761,356,098","1,773,751,970","1,778,277,815","1,790,411,190","1,802,237,183","1,802,279,930","1,802,280,395","1,802,231,237","1,802,320,375","1,802,283,096","1,802,283,519","1,802,162,241","1,802,356,095","1,802,286,319","1,802,286,926","1,802,288,789","1,802,289,860","1,802,290,925","1,802,294,383","1,802,293,973","1,802,185,956","1,802,250,993",,"1,802,298,712","1,802,299,148","1,802,301,432",,"1,802,304,736","1,802,300,868","1,802,301,432",,"1,802,304,736","1,806,703,862","1,813,288,509",,"1,814,605,219","1,814,606,417","1,812,949,640",,"1,814,538,088","1,814,537,399","1,814,538,902",,"1,815,588,785","1,816,129,778","1,817,889,564",,"1,823,680,974","1,823,680,974","1,826,148,430",,"1,834,828,430","1,845,775,814","1,867,535,956",,"1,856,828,430","1,881,831,902","1,948,828,430",,"1,948,828,430","1,923,233,500","1,923,233,500",,"1,948,828,430","1,948,828,430","1,948,886,071",,"1,948,828,432","1,948,828,430","1,948,828,432",,"1,948,828,432","1,948,828,432","1,948,828,432",,"1,949,606,299","1,943,739,837","1,943,548,387",,"1,943,065,693","1,951,666,667","1,955,130,435",,"1,941,747,573","1,956,697,248","1,957,837,838",,"1,942,181,818","1,941,538,462","1,937,674,419",,"1,944,864,865","1,971,200,000","1,940,689,655",,"1,930,370,370","1,925,161,290","1,957,500,000",,"2,020,000,000","2,033,333,333","1,896,666,667",,"1,892,307,692","1,929,411,765","1,945,185,185",,"1,908,888,889","1,928,235,294","1,938,750,000",,"1,972,800,000","1,997,419,355","1,997,419,355",,"1,895,988,000","1,895,988,000","1,895,988,000",,"1,895,988,000","1,895,988,000","1,895,988,000",,"1,895,988,000","1,895,988,000","1,895,988,000",,"1,895,988,000","1,895,988,000","1,895,988,000",,"1,895,988,000","1,895,988,000"
TotalOperatingIncomeAsReported,"681,619,000,000","166,649,000,000","220,136,000,000","252,469,000,000","42,365,000,000","170,147,000,000","214,475,000,000","299,383,000,000","126,826,000,000","284,576,000,000","152,945,000,000","269,211,000,000","138,102,000,000","207,685,000,000","228,081,000,000","266,843,000,000","-63,831,000,000","163,079,000,000","164,842,000,000","239,286,000,000","130,865,000,000","177,253,000,000","164,442,000,000","198,043,000,000","165,293,000,000","228,574,000,000","171,451,000,000","184,963,000,000","135,989,000,000","131,941,000,000","100,867,000,000","176,013,000,000","111,976,000,000","44,298,000,000","52,511,000,000","22,579,000,000","46,206,000,000","125,653,000,000","163,473,000,000","234,443,000,000","96,097,000,000","176,971,000,000","65,543,000,000","25,164,000,000","-283,007,000,000","102,452,000,000","148,246,266,120","221,644,012,270","163,488,073,640","277,187,888,800","286,475,376,050","221,688,522,000","250,327,895,300","205,106,833,190","192,861,526,540","203,733,392,700","339,866,233,390","195,235,449,810","162,487,235,680","170,373,242,880","141,433,221,360","157,397,910,800","173,104,434,360","159,869,497,200","137,149,279,730","160,965,153,610","151,761,816,380","150,059,881,440","205,417,722,270","159,045,014,050","152,956,926,270","170,674,574,280","167,585,307,380","154,818,330,240","164,271,291,250","151,401,593,094.64","116,345,313,335.68","96,387,472,550","97,317,288,000","104,313,689,270","77,292,937,297.8","105,767,466,285","104,565,022,706","125,269,663,648","106,176,873,644","137,559,226,888","153,813,111,452","143,403,731,796","108,216,203,922","127,439,018,448","119,343,279,232","110,169,155,320","138,956,030,607","100,676,399,436","91,960,708,255",,,,"25,737,905,014","26,250,996,516","23,064,191,017","28,734,374,514",,"25,801,053,233","21,971,058,222","18,537,532,365",,"22,204,201,327","20,130,871,396","23,013,179,008","24,543,480,872","41,048,673,783","30,125,147,736","22,024,836,371","50,763,309,376","50,480,406,336","26,646,695,685","27,560,284,110",,"45,964,415,100",,,,,,,,,,,,,,,,,,,
TotalExpenses,"14,840,447,000,000","3,580,944,000,000","3,508,967,000,000","3,743,784,000,000","4,006,752,000,000","3,803,508,000,000","3,627,237,000,000","3,724,750,000,000","3,787,902,000,000","3,672,547,000,000","3,623,254,000,000","3,443,885,000,000","3,625,332,000,000","3,293,383,000,000","3,034,887,000,000","3,204,887,000,000","3,721,720,000,000","3,454,144,000,000","3,456,435,000,000","3,465,476,000,000","3,904,215,000,000","3,112,711,000,000","2,850,334,000,000","2,790,236,000,000","2,931,953,000,000","2,792,315,000,000","2,718,770,000,000","2,649,132,000,000","2,608,971,000,000","2,293,851,000,000","2,170,419,000,000","2,259,896,000,000","2,293,086,000,000","1,898,247,000,000","1,833,381,000,000","1,692,017,000,000","2,166,873,000,000","1,984,761,000,000","2,088,438,000,000","2,127,020,000,000","2,183,470,000,000","2,063,769,000,000","1,991,112,000,000","1,977,048,000,000","2,066,905,000,000","2,430,805,000,000","2,668,114,892,520","2,648,895,521,820","2,827,293,650,680","2,777,802,661,430","2,686,783,086,000","2,710,019,021,160","2,838,697,406,440","2,563,418,773,020","2,436,381,659,020","2,399,221,235,000","2,481,508,475,910","2,280,699,658,700","2,172,585,964,780","2,093,616,510,000","2,223,239,897,340","1,972,706,801,200","1,922,746,775,040","1,911,908,680,800","2,007,155,056,480","1,828,954,493,550","1,866,971,411,940","1,855,808,398,080","1,910,422,618,510","1,830,858,735,300","1,762,472,649,240","1,763,876,307,580","1,913,309,277,250","1,602,027,432,560","1,585,486,768,130","1,608,528,422,084.85","1,748,924,008,404.32","1,480,080,642,700","1,406,775,463,200","1,443,625,054,760","1,345,950,047,630.8","1,342,090,261,785","1,411,925,409,767","1,394,703,665,211","1,406,385,469,232","1,361,989,012,552","1,385,262,061,482","1,449,333,530,778","1,574,493,689,865","1,431,857,937,160","1,256,610,984,264","1,309,236,026,448","1,324,515,518,483","1,234,562,334,301","1,155,897,643,761",,,,"974,094,372,132","919,948,004,361","1,041,829,936,034","875,318,519,790",,"946,488,159,977","1,020,624,315,066","929,398,883,340",,"893,993,855,062","993,829,825,272","952,575,882,496","1,005,683,216,952","1,071,177,911,109","1,088,585,524,605","1,024,323,544,281","1,027,213,619,120","1,100,864,350,080","1,132,880,682,375","989,035,601,850",,"1,077,774,214,065",,,,,,,,,,,,,,,,,,,
NetIncomeFromContinuingAndDiscontinuedOperation,"472,265,000,000","116,432,000,000","196,554,000,000","172,302,000,000","-13,023,000,000","168,238,000,000","210,771,000,000","244,330,000,000","107,745,000,000","570,251,000,000","174,006,000,000","207,335,000,000","95,959,000,000","168,815,000,000","177,096,000,000","174,699,000,000","-93,444,000,000","124,187,000,000","127,751,000,000","186,037,000,000","84,509,000,000","136,516,000,000","141,898,000,000","146,512,000,000","170,508,000,000","160,732,000,000","120,368,000,000","122,499,000,000","75,752,000,000","77,441,000,000","82,233,000,000","131,723,000,000","71,594,000,000","47,662,000,000","60,429,000,000","31,797,000,000","44,554,000,000","81,118,000,000","135,929,000,000","272,487,000,000","72,176,000,000","134,627,000,000","54,037,000,000","7,560,000,000","-186,164,000,000","20,242,000,000","122,814,454,920","179,800,341,530","21,758,939,020","200,625,911,450","208,627,558,430","166,143,231,210","176,234,876,080","144,872,325,010","127,826,825,730","143,609,710,200","218,917,452,630","133,345,930,330","133,552,706,980","110,587,319,760","94,965,599,960","150,523,295,400","127,214,701,920","114,192,498,000","74,115,950,150","150,884,724,270","137,488,846,140","101,676,647,520","116,106,211,140","115,215,581,500","87,125,822,760","107,448,488,990","105,724,621,580","82,280,150,000","84,584,781,240","89,352,399,868.55","67,103,271,062.71","47,334,157,150","58,174,112,160","63,776,731,690","54,356,657,912","63,298,909,050","63,527,662,199","73,021,451,575","66,740,812,456","75,820,494,860","80,108,145,130","78,092,654,178","70,329,298,462","65,393,585,000","64,250,642,656","62,283,977,196","63,623,009,664","61,977,022,751","49,205,384,417","45,742,721,660","28,280,673,903","18,557,679,847","12,153,736,672","11,945,392,011","10,423,653,242","12,968,787,666","14,752,849,748","23,123,492,577","7,628,602,203","6,763,241,790","3,234,529,880","6,071,211,223","4,280,952,768","7,675,219,680","9,831,780,320","16,517,593,833","11,040,015,840","10,731,329,803","21,757,600,436","21,380,423,328","14,369,582,205","16,731,575,730",,"23,560,567,740",,,,,,,,,,,,,,,,,,,
NormalizedIncome,"472,265,000,000","116,432,000,000","196,554,000,000","172,302,000,000","-13,023,000,000","168,238,000,000","210,771,000,000","244,330,000,000","107,745,000,000","570,251,000,000","174,006,000,000","207,335,000,000","95,959,000,000","168,815,000,000","177,096,000,000","174,699,000,000","-93,444,000,000","124,187,000,000","127,751,000,000","186,037,000,000","84,509,000,000","136,516,000,000","141,898,000,000","146,512,000,000","170,508,000,000","160,732,000,000","120,368,000,000","122,499,000,000","75,752,000,000","77,441,000,000","80,856,985,000","123,266,887,729.746","71,594,000,000","42,157,200,000","49,364,732,270.916","30,797,400,000","44,554,000,000","79,805,500,000","136,510,203,972.227","254,505,398,822.56","72,176,000,000","128,454,960,494.231","54,060,800,000","22,066,100,000","-106,391,473,474.754","34,817,400,000","126,647,855,477.125","174,080,949,949.946","42,182,203,091","216,699,302,662.029","226,035,858,660.735","174,039,459,983.482","177,657,240,801.529","158,781,349,024.916","153,859,310,087.993","157,478,344,695.413","143,728,788,684","154,836,711,304.819","130,309,601,443.38","127,788,031,627.794","101,289,865,040","131,442,244,774.74","131,374,490,616","105,448,615,296","92,285,481,860","122,677,997,985.613","116,928,383,941.549","102,131,916,090.985","133,046,414,988","114,273,122,755.624","116,587,444,907.168","110,597,967,535.719","109,476,365,909.548","102,050,355,533.4","101,143,327,398","91,999,519,332.335","75,924,070,694.764","49,603,446,040","57,718,100,082.598","60,720,542,218","47,662,055,577.475","61,734,331,815","62,500,931,034.8","73,043,267,112.4","62,031,759,804.794","75,526,555,150.4","79,361,107,602.4","74,283,188,642.4","61,393,835,007.512","62,317,470,761.6","59,883,719,756.8","56,244,735,674.4","62,787,634,962","56,697,032,983.166","45,114,776,049.8","45,742,721,660","28,280,673,903","18,557,679,847","7,986,741,241.6","9,133,512,953.4","9,247,222,553.965","8,579,504,964","14,752,849,748","10,941,264,821.486","4,681,207,465.2","4,151,692,980","3,234,529,880","3,523,223,103.4","2,486,012,344.8","3,976,138,195.2","5,170,077,651.2","12,736,033,508.4","4,750,700,601","4,997,126,800","19,200,850,073.6","17,526,157,459.2","14,976,107,970.148","10,006,377,894",,"17,871,329,871",,,,,,,,,,,,,,,,,,,
InterestIncome,"51,011,000,000","12,305,000,000","12,065,000,000","14,195,000,000","12,446,000,000","12,848,000,000","11,411,000,000","11,913,000,000","10,997,000,000","11,381,000,000","9,816,000,000","8,997,000,000","9,250,000,000","8,331,000,000","7,368,000,000","7,440,000,000","7,156,000,000","7,218,000,000","6,302,000,000","7,792,000,000","8,726,000,000","6,702,000,000","6,457,000,000","5,152,000,000","6,486,000,000","5,620,000,000","5,928,000,000","5,992,000,000","5,821,000,000","5,561,000,000","6,661,000,000","7,699,000,000","8,342,000,000","8,775,000,000","8,508,000,000","7,836,000,000","6,741,000,000","6,069,000,000","5,707,000,000","5,060,000,000","5,088,000,000","4,372,000,000","3,944,000,000","4,828,000,000","7,457,000,000","11,386,000,000",,,,,,,,,,,,,,,,,,,,,,,,,,,,,,,,,,,,,,,,,,,,,,,,,,,,,,,,,,,,,,,,,,,,,,,,,,,,,,,,,,,,,,,,,,,,,
InterestExpense,"18,277,000,000","7,530,000,000","4,000,000,000","3,595,000,000","3,152,000,000","4,108,000,000","2,994,000,000","2,963,000,000","3,677,000,000","3,142,000,000","3,297,000,000","2,854,000,000","3,687,000,000","2,593,000,000","3,099,000,000","3,092,000,000","4,608,000,000","4,406,000,000","4,307,000,000","4,825,000,000","4,599,000,000","4,796,000,000","4,386,000,000","4,413,000,000","3,042,000,000","3,849,000,000","2,838,000,000","2,974,000,000","3,214,000,000","2,812,000,000","3,115,000,000","3,016,000,000","2,869,000,000","2,445,000,000","2,520,000,000","2,544,000,000","2,210,000,000","2,017,000,000","2,073,000,000","2,174,000,000","4,256,000,000","1,172,000,000","3,313,000,000","3,811,000,000","4,863,000,000","6,266,000,000",,,,,,,,,,,,,,,,,,,,,,,,,,,,,,,,,,,,,,,,,,,,,,,,,,,,,,,,,,,,,,,,,,,,,,,,,,,,,,,,,,,,,,,,,,,,,
NetInterestIncome,"32,734,000,000","4,775,000,000","8,065,000,000","10,600,000,000","9,294,000,000","8,740,000,000","8,417,000,000","8,950,000,000","7,320,000,000","8,239,000,000","6,519,000,000","6,143,000,000","5,563,000,000","5,738,000,000","4,269,000,000","4,348,000,000","2,548,000,000","2,812,000,000","1,995,000,000","2,967,000,000","4,127,000,000","1,906,000,000","2,071,000,000","739,000,000","3,444,000,000","1,771,000,000","3,090,000,000","3,018,000,000","2,607,000,000","2,749,000,000","3,546,000,000","4,683,000,000","5,473,000,000","6,330,000,000","5,988,000,000","5,292,000,000","4,531,000,000","4,052,000,000","3,634,000,000","2,886,000,000","832,000,000","3,200,000,000","631,000,000","1,017,000,000","2,594,000,000","5,120,000,000",,,,,,,,,,,,,,,,,,,,,,,,,,,,,,,,,,,,,,,,,,,,,,,,,,,,,,,,,,,,,,,,,,,,,,,,,,,,,,,,,,,,,,,,,,,,,
EBIT,"915,569,000,000","214,263,000,000","293,624,000,000","293,406,000,000","114,276,000,000","231,035,000,000","286,036,000,000","361,245,000,000","194,125,000,000","350,039,000,000","245,900,000,000","337,879,000,000","190,680,000,000","263,528,000,000","273,665,000,000","291,584,000,000","-54,098,000,000","205,296,000,000","215,246,000,000","287,152,000,000","238,043,000,000","198,911,000,000","184,251,000,000","203,226,000,000","177,748,000,000","220,461,000,000","168,425,000,000","175,009,000,000","101,288,000,000","92,589,000,000","109,375,000,000","197,796,000,000","95,926,000,000","60,937,000,000","79,075,000,000","31,843,000,000","78,825,000,000","133,597,000,000","168,277,000,000","258,323,000,000","97,843,000,000","172,185,000,000","69,453,000,000","9,269,000,000","-304,710,000,000","93,016,000,000","148,246,266,120","221,644,012,270","163,488,073,640","277,187,888,800","286,475,376,050","221,688,522,000","250,327,895,300","205,106,833,190","192,861,526,540","203,733,392,700","339,866,233,390","195,235,449,810","162,487,235,680","170,373,242,880","141,433,221,360","157,397,910,800","173,104,434,360","159,869,497,200","137,149,279,730","160,965,153,610","151,761,816,380","150,059,881,440","205,417,722,270","159,045,014,050","152,956,926,270","170,674,574,280","167,585,307,380","154,818,330,240","164,271,291,250","151,401,593,094.64","201,183,643,346.86","96,387,472,550","97,317,288,000","104,313,689,270","77,292,937,297.8","105,767,466,285","104,565,022,706","125,269,663,648","106,176,873,644","137,559,226,888","153,813,111,452","143,403,731,796","108,216,203,922","127,439,018,448","119,343,279,232","110,169,155,320","138,956,030,607","100,676,399,436","91,960,708,255","1,231,649,681,720","-2,861,901,459,176","1,030,430,904,723","25,737,905,014","26,250,996,516","23,064,191,017","28,734,374,514","1,011,361,245,258","25,801,053,233","21,971,058,222","18,537,532,365","955,469,521,536","22,204,201,327","20,130,871,396","23,013,179,008","24,543,480,872","41,048,673,783","30,125,147,736","22,024,836,371","50,763,309,376","50,480,406,336","26,646,695,685","27,560,284,110","1,017,150,601,600","45,964,415,100","-2,552,535,541,564","942,540,962,572","893,244,378,829","921,360,609,460","-2,341,235,880,877","839,890,169,112","812,367,821,588","865,017,461,675","-1,092,017,448,771","386,830,831,076","465,461,837,822","468,383,849,725","-2,052,499,738,317","693,707,448,780","752,895,713,424","796,412,796,597","-1,594,573,224,497","657,135,354,915","770,083,620,542"
EBITDA,"1,648,605,000,000"
ReconciledCostOfRevenue,"12,345,567,000,000","2,966,552,000,000","2,957,091,000,000","3,166,483,000,000","3,255,441,000,000","3,158,104,000,000","3,004,708,000,000","3,162,696,000,000","3,073,933,000,000","3,063,005,000,000","2,988,854,000,000","2,874,789,000,000","2,928,589,000,000","2,736,728,000,000","2,522,871,000,000","2,677,660,000,000","2,828,442,000,000","2,789,606,000,000","2,828,705,000,000","2,885,646,000,000","3,376,123,000,000","2,445,502,000,000","2,270,897,000,000","2,238,262,000,000","2,277,016,000,000","2,208,846,000,000","2,150,812,000,000","2,124,409,000,000","2,050,556,000,000","1,800,557,000,000","1,702,835,000,000","1,791,214,000,000","1,777,708,000,000","1,446,474,000,000","1,405,811,000,000","1,289,640,000,000","1,647,432,000,000","1,517,648,000,000","1,647,625,000,000","1,684,136,000,000","1,694,201,000,000","1,610,147,000,000","1,556,549,000,000","1,553,824,000,000","1,486,945,000,000","1,833,960,000,000","2,050,545,743,880","2,042,799,509,350","2,156,140,280,440","2,147,535,522,340","2,090,294,276,950","2,112,322,133,790","2,174,358,044,110","1,945,598,422,320","1,883,291,626,360","1,863,605,114,900","2,034,396,163,140","1,734,205,752,910","1,642,800,417,720","1,590,704,867,280","1,679,280,838,960","1,480,607,466,000","1,445,911,737,480","1,441,000,570,000","1,451,107,990,540","1,371,903,537,730","1,397,524,500,140","1,386,826,358,400","1,411,609,278,440","1,375,460,241,000","1,295,083,982,730","1,317,349,550,220","1,437,885,696,650","1,179,173,285,680","1,188,846,268,530","1,219,894,969,391.28","1,383,379,934,158.88","1,109,544,734,550","1,022,696,566,560","1,083,461,614,900","826,392,767,312.6","997,392,422,325","1,043,003,683,997","1,040,540,535,265","857,951,262,322","1,006,264,998,876","1,021,731,162,062","1,099,187,798,124","1,011,610,646,118","1,080,642,070,842","931,296,918,288","990,949,197,280","834,720,610,615","939,298,274,406","879,491,938,949",,,,"723,403,823,180","695,625,937,755","642,419,731,674","645,752,067,360",,"717,074,369,212","610,362,498,966","703,299,022,905",,"665,379,142,120","547,954,325,100","714,045,030,880","740,752,707,256","810,771,062,409","617,294,874,130","771,144,114,959","772,653,676,496","849,330,768,864","662,449,599,000","743,978,403,060",,"829,764,232,590",,,,,,,,,,,,,,,,,,,
ReconciledDepreciation,"733,036,000,000","201,824,000,000","157,887,000,000","170,016,000,000","203,309,000,000","166,117,000,000","165,450,000,000","186,819,000,000","181,863,000,000","179,415,000,000","173,836,000,000","177,979,000,000","182,335,000,000","163,907,000,000","161,012,000,000","167,075,000,000","166,878,000,000","167,744,000,000","165,083,000,000","161,009,000,000","-49,407,000,000","243,667,000,000","218,710,000,000","212,259,000,000","212,868,000,000","200,782,000,000","192,360,000,000","188,710,000,000","188,669,000,000","141,437,000,000","131,785,000,000","128,578,000,000","148,256,000,000","128,110,000,000","125,254,000,000","129,138,000,000","141,352,000,000","136,594,000,000","140,307,000,000","145,386,000,000","158,720,000,000","153,924,000,000","156,585,000,000","160,445,000,000","185,531,000,000","155,408,536,000","156,092,737,960","140,611,726,040","140,238,419,860","137,033,672,970","124,720,351,160","114,908,550,570","115,788,410,520","100,253,140,170","80,205,424,170","75,240,494,100","85,194,513,370","64,258,617,670","57,882,487,960","54,905,439,600",,,,,,,,,,,,,,,,,,,"39,143,175,840",,,,,,,,,,,,,,,,,,,,,,,,,,,,,,,,,,,,,,,,,,,,,,,,,,,,,,,,,,,,
NetIncomeFromContinuingOperationNetMinorityInterest,"472,265,000,000","116,432,000,000","196,554,000,000","172,302,000,000","-13,023,000,000","168,238,000,000","210,771,000,000","244,330,000,000","107,745,000,000","570,251,000,000","174,006,000,000","207,335,000,000","95,959,000,000","168,815,000,000","177,096,000,000","174,699,000,000","-93,444,000,000","124,187,000,000","127,751,000,000","186,037,000,000","84,509,000,000","136,516,000,000","141,898,000,000","146,512,000,000","170,508,000,000","160,732,000,000","120,368,000,000","122,499,000,000","75,752,000,000","77,441,000,000","82,233,000,000","131,723,000,000","71,594,000,000","47,662,000,000","60,429,000,000","31,797,000,000","44,554,000,000","81,118,000,000","135,929,000,000","272,487,000,000","72,176,000,000","134,627,000,000","54,037,000,000","7,560,000,000","-186,164,000,000","20,242,000,000","122,814,454,920","179,800,341,530","21,758,939,020","200,625,911,450","208,627,558,430","166,143,231,210","176,234,876,080","144,872,325,010","127,826,825,730","143,609,710,200","218,917,452,630","133,345,930,330","133,552,706,980","110,587,319,760","94,965,599,960","150,523,295,400","127,214,701,920","114,192,498,000","74,115,950,150","150,884,724,270","137,488,846,140","101,676,647,520","116,106,211,140","115,215,581,500","87,125,822,760","107,448,488,990","105,724,621,580","82,280,150,000","84,584,781,240","89,352,399,868.55","67,103,271,062.71","47,334,157,150","58,174,112,160","63,776,731,690","54,356,657,912","63,298,909,050","63,527,662,199","73,021,451,575","66,740,812,456","75,820,494,860","80,108,145,130","78,092,654,178","70,329,298,462","65,393,585,000","64,250,642,656","62,283,977,196","63,623,009,664","61,977,022,751","49,205,384,417","45,742,721,660","28,280,673,903","18,557,679,847","12,153,736,672","11,945,392,011","10,423,653,242","12,968,787,666","14,752,849,748","23,123,492,577","7,628,602,203","6,763,241,790","3,234,529,880","6,071,211,223","4,280,952,768","7,675,219,680","9,831,780,320","16,517,593,833","11,040,015,840","10,731,329,803","21,757,600,436","21,380,423,328","14,369,582,205","16,731,575,730",,"23,560,567,740",,,,,,,,,,,,,,,,,,,
TotalUnusualItemsExcludingGoodwill,,,,,,,,,,,,,,,,,,,,,,,,,,,,,,,"1,847,000,000","14,084,000,000",,"7,864,000,000","18,056,000,000","1,428,000,000",,"1,875,000,000","-903,000,000","18,820,000,000",,"9,904,000,000","-34,000,000","-20,723,000,000","-128,194,000,000","-20,822,000,000","-5,616,191,640","9,027,187,850","-29,176,091,530","-23,695,093,720","-24,915,894,430","-12,685,509,870","-2,059,635,540","-22,379,619,640","-41,192,578,190","-22,904,260,000","125,314,439,910","-34,488,052,840","5,106,093,300","-27,730,020,000","-10,540,441,800","29,550,585,600","-6,932,981,160","14,573,137,840","-30,282,552,850","42,680,966,780","30,999,107,240","-718,562,880","-28,233,673,080","1,425,347,400","-42,711,122,610","-5,139,360,430","-6,141,892,340","-31,727,225,840","-27,597,576,930","-4,277,749,339.92","-14,701,332,720.09","-3,782,148,150","756,912,240","5,093,649,120","9,603,279,888.2","2,607,628,725","1,711,218,607","-36,359,229","6,825,381,014","489,899,516","1,245,062,546","6,349,109,226","13,186,509,741","5,126,857,064","7,278,204,832","10,065,402,536","1,392,291,170","8,772,632,316","6,817,680,612",,,,"6,944,992,384","4,686,465,096","1,878,029,380","7,315,471,170",,"18,457,449,375","4,912,324,563","4,352,581,350",,"4,246,646,866","2,991,567,372","6,165,135,808","7,769,504,448","6,302,600,541","10,482,192,065","9,557,005,005","4,261,250,604","6,423,776,448","-896,069,700","11,208,663,060",,"9,482,063,115",,,,,,,,,,,,,,,,,,,
TotalUnusualItems,,,,,,,,,,,,,,,,,,,,,,,,,,,,,,,"1,847,000,000","14,084,000,000",,"7,864,000,000","18,056,000,000","1,428,000,000",,"1,875,000,000","-903,000,000","18,820,000,000",,"9,904,000,000","-34,000,000","-20,723,000,000","-128,194,000,000","-20,822,000,000","-5,616,191,640","9,027,187,850","-29,176,091,530","-23,695,093,720","-24,915,894,430","-12,685,509,870","-2,059,635,540","-22,379,619,640","-41,192,578,190","-22,904,260,000","125,314,439,910","-34,488,052,840","5,106,093,300","-27,730,020,000","-10,540,441,800","29,550,585,600","-6,932,981,160","14,573,137,840","-30,282,552,850","42,680,966,780","30,999,107,240","-718,562,880","-28,233,673,080","1,425,347,400","-42,711,122,610","-5,139,360,430","-6,141,892,340","-31,727,225,840","-27,597,576,930","-4,277,749,339.92","-14,701,332,720.09","-3,782,148,150","756,912,240","5,093,649,120","9,603,279,888.2","2,607,628,725","1,711,218,607","-36,359,229","6,825,381,014","489,899,516","1,245,062,546","6,349,109,226","13,186,509,741","5,126,857,064","7,278,204,832","10,065,402,536","1,392,291,170","8,772,632,316","6,817,680,612",,,,"6,944,992,384","4,686,465,096","1,878,029,380","7,315,471,170",,"18,457,449,375","4,912,324,563","4,352,581,350",,"4,246,646,866","2,991,567,372","6,165,135,808","7,769,504,448","6,302,600,541","10,482,192,065","9,557,005,005","4,261,250,604","6,423,776,448","-896,069,700","11,208,663,060",,"9,482,063,115",,,,,,,,,,,,,,,,,,,
NormalizedEBITDA,"1,648,605,000,000","416,087,000,000","451,511,000,000","463,422,000,000","317,585,000,000","397,152,000,000","451,486,000,000","548,064,000,000","375,988,000,000","529,454,000,000","419,736,000,000","515,858,000,000","373,015,000,000","427,435,000,000","434,677,000,000","458,659,000,000","112,780,000,000","373,040,000,000","380,329,000,000","448,161,000,000","238,043,000,000","442,578,000,000","402,961,000,000","415,485,000,000","390,616,000,000","421,243,000,000","360,785,000,000","363,719,000,000","289,957,000,000","234,026,000,000","239,313,000,000","312,290,000,000","244,182,000,000","181,183,000,000","186,273,000,000","159,553,000,000","220,177,000,000","268,316,000,000","309,487,000,000","384,889,000,000","256,563,000,000","316,205,000,000","226,072,000,000","190,437,000,000","9,015,000,000","269,246,536,000","309,955,195,720","353,228,550,460","332,902,585,030","437,916,655,490","436,111,621,640","349,282,582,440","368,175,941,360","327,739,593,000","314,259,528,900","301,878,146,800","299,746,306,850","293,982,120,320","215,263,630,340","253,008,702,480","151,973,663,160","127,847,325,200","180,037,415,520","145,296,359,360","167,431,832,580","118,284,186,830","120,762,709,140","150,778,444,320","233,651,395,350","157,619,666,650","195,668,048,880","175,813,934,710","173,727,199,720","186,545,556,080","191,868,868,180","155,679,342,434.56","215,884,976,066.95","100,169,620,700","135,703,551,600","99,220,040,150","67,689,657,409.6","103,159,837,560","102,853,804,099","125,306,022,877","99,351,492,630","137,069,327,372","152,568,048,906","137,054,622,570","95,029,694,181","122,312,161,384","112,065,074,400","100,103,752,784","137,563,739,437","91,903,767,120","85,143,027,643","1,231,649,681,720","-2,861,901,459,176","1,030,430,904,723","18,792,912,630","21,564,531,420","21,186,161,637","21,418,903,344","1,011,361,245,258","7,343,603,858","17,058,733,659","14,184,951,015","955,469,521,536","17,957,554,461","17,139,304,024","16,848,043,200","16,773,976,424","34,746,073,242","19,642,955,671","12,467,831,366","46,502,058,772","44,056,629,888","27,542,765,385","16,351,621,050","1,017,150,601,600","36,482,351,985","-2,552,535,541,564","942,540,962,572","893,244,378,829","921,360,609,460","-2,341,235,880,877","839,890,169,112","812,367,821,588","865,017,461,675","-1,092,017,448,771","386,830,831,076","465,461,837,822","468,383,849,725","-2,052,499,738,317","693,707,448,780","752,895,713,424","796,412,796,597","-1,594,573,224,497","657,135,354,915","770,083,620,542"
TaxRateForCalcs,"0.306","0.363","0.274","0.346","0.306","0.185","0.19","0.256","0.361","0.309","0.21","0.327","0.309","0.285","0.291","0.342","0.323","0.307","0.325","0.278","0.167","0.382","0.28","0.255","0.185","0.37","0.255","0.255","0.288","0.313","0.255","0.4","0.255","0.3","0.387","0.3","0.3","0.3","0.356","0.045","0.3","0.377","0.3","0.3","0.378","0.3","0.317","0.366","0.3","0.322","0.301","0.378","0.309","0.378","0.368","0.394","0.4","0.377","0.365","0.38","0.4","0.354","0.4","0.4","0.4","0.339","0.337","0.366","0.4","0.339","0.31","0.387","0.389","0.377","0.4","0.381","0.4","0.4","0.398","0.4","0.303","0.4","0.4","0.4","0.31","0.4","0.4","0.4","0.322","0.4","0.4","0.4","0.4","0.398","0.4","0.4","0.4","0.4","0.4","0.4","0.374","0.4","0.4","0.34","0.4","0.4","0.4","0.4","0.4","0.4","0.4","0.4","0.4","0.4","0.4","0.4","0.323","0.4",,"0.4",,,,,,,,,,,,,,,,,,,
TaxEffectOfUnusualItems,"0","0","0","0","0","0","0","0","0","0","0","0","0","0","0","0","0","0","0","0","0","0","0","0","0","0","0","0","0","0","470,985,000","5,627,887,729.746","0","2,359,200,000","6,991,732,270.916","428,400,000","0","562,500,000","-321,796,027.773","838,398,822.56","0","3,731,960,494.231","-10,200,000","-6,216,900,000","-48,421,473,474.754","-6,246,600,000","-1,782,791,082.875","3,307,796,269.946","-8,752,827,459","-7,621,702,507.971","-7,507,594,199.265","-4,789,281,096.518","-637,270,818.471","-8,470,595,625.084","-15,160,093,832.007","-9,035,625,504.587","50,125,775,964","-12,997,271,865.181","1,862,987,763.38","-10,529,308,132.206","-4,216,176,720","10,469,534,974.74","-2,773,192,464","5,829,255,136","-12,113,021,140","14,474,240,495.613","10,438,645,041.549","-263,294,309.015","-11,293,469,232","482,888,655.624","-13,249,500,462.832","-1,989,881,884.281","-2,390,148,010.452","-11,957,020,306.6","-11,039,030,772","-1,630,629,876.135","-5,880,533,088.036","-1,512,859,260","300,900,162.598","2,037,459,648","2,908,677,553.675","1,043,051,490","684,487,442.8","-14,543,691.6","2,116,328,362.794","195,959,806.4","498,025,018.4","2,539,643,690.4","4,251,046,286.512","2,050,742,825.6","2,911,281,932.8","4,026,161,014.4","556,916,468","3,492,642,548.166","2,727,072,244.8","0","0","0","2,777,996,953.6","1,874,586,038.4","701,598,691.965","2,926,188,468","0","6,275,221,619.486","1,964,929,825.2","1,741,032,540","0","1,698,658,746.4","1,196,626,948.8","2,466,054,323.2","3,107,801,779.2","2,521,040,216.4","4,192,876,826","3,822,802,002","1,704,500,241.6","2,569,510,579.2","-289,543,934.852","4,483,465,224",,"3,792,825,246",,,,,,,,,,,,,,,,,,,