name,ttm,12/31/2019,12/31/2018,12/31/2017,12/31/2016,12/31/2015,12/31/2014,12/31/2013,12/31/2012,12/31/2011,12/31/2010,12/31/2009,12/31/2008,12/31/2007,12/31/2006,12/31/2005,12/31/2004,12/31/2003,12/31/2002,12/31/2001,12/31/2000,12/31/1999,12/31/1998,12/31/1997,12/31/1996,12/31/1995,12/31/1994
TotalRevenue,"10,054,406,000","9,985,803,000","13,201,995,000","12,461,543,000","11,571,668,000","10,629,719,000","10,371,390,000","9,560,647,000","8,939,967,000","8,530,242,000","7,526,790,000","6,538,336,000","6,394,874,000","5,920,190,000","5,153,097,000","4,635,929,000","4,060,266,000","3,353,805,000","2,825,001,000","2,558,243,000","2,381,721,000","2,285,700,000","1,921,700,000","1,518,100,000","830,000,000","616,200,000","486,600,000"
	OperatingRevenue,"10,054,406,000","9,985,803,000","13,201,995,000","12,461,543,000","11,571,668,000","10,629,719,000","10,371,390,000","9,560,647,000","8,939,967,000","8,530,242,000","7,526,790,000","6,538,336,000","6,394,874,000","5,920,190,000","5,153,097,000","4,635,929,000","4,060,266,000","3,353,805,000","2,825,001,000","2,558,243,000","2,381,721,000","2,285,700,000","1,921,700,000","1,518,100,000","830,000,000","616,200,000","486,600,000"
CostOfRevenue,"6,969,171,000","6,894,917,000","9,606,911,000","9,062,440,000","8,337,699,000","7,617,460,000","7,460,075,000","6,904,633,000","6,432,454,000","6,112,187,000","5,355,914,000","4,621,516,000","4,510,336,000","4,201,906,000","3,673,042,000","3,318,993,000","2,983,860,000","2,426,611,000","2,030,097,000","1,858,919,000","1,700,058,000","1,559,000,000","1,299,900,000","1,052,900,000","576,800,000","419,600,000","340,100,000"
GrossProfit,"3,085,235,000","3,090,886,000","3,595,084,000","3,399,103,000","3,233,969,000","3,012,259,000","2,911,315,000","2,656,014,000","2,507,513,000","2,418,055,000","2,170,876,000","1,916,820,000","1,884,538,000","1,718,284,000","1,480,055,000","1,316,936,000","1,076,406,000","927,194,000","794,904,000","699,324,000","681,663,000","726,700,000","621,800,000","465,200,000","253,200,000","196,600,000","146,500,000"
OperatingExpense,"2,350,699,000","2,357,920,000","2,701,876,000","2,539,734,000","2,416,504,000","2,243,356,000","2,196,173,000","1,978,960,000","1,873,360,000","1,835,906,000","1,637,460,000","1,449,715,000","1,441,695,000","1,332,025,000","1,175,158,000","1,035,848,000","863,319,000","693,475,000","598,635,000","551,574,000","554,050,000","607,400,000","525,600,000","402,800,000","223,500,000","197,600,000","156,000,000"
	SellingGeneralAndAdministration,"2,350,699,000","2,357,920,000","2,701,876,000","2,539,734,000","2,416,504,000","2,243,356,000","2,196,173,000","1,978,960,000","1,873,360,000","1,835,906,000","1,637,460,000","1,449,715,000","1,441,695,000","1,332,025,000","1,175,158,000","1,035,848,000","863,319,000","693,475,000","598,635,000","551,574,000","520,288,000","579,100,000","505,600,000","388,400,000","215,600,000","191,600,000","152,200,000"
	DepreciationAmortizationDepletionIncomeStatement,,,,,,,,,,,,,,,,,,,,,"33,762,000","28,300,000","20,000,000","14,400,000","7,900,000","6,000,000","3,800,000"
		DepreciationAndAmortizationInIncomeStatement,,,,,,,,,,,,,,,,,,,,,"33,762,000","28,300,000","20,000,000","14,400,000","7,900,000","6,000,000","3,800,000"
	OtherOperatingExpenses,,,"38,756,000",,,,,,,,,,,,,,,,,,,,,,,,
OperatingIncome,"734,536,000","732,966,000","893,208,000","859,369,000","817,465,000","768,903,000","715,142,000","677,054,000","634,153,000","582,149,000","533,416,000","467,105,000","442,843,000","386,259,000","304,897,000","281,088,000","213,087,000","233,719,000","196,269,000","147,750,000","127,613,000","119,300,000","96,200,000","62,400,000","29,700,000","-1,000,000","-9,500,000"
NetNonOperatingInterestIncomeExpense,"-28,127,000","-35,035,000","-57,550,000","-36,101,000","-18,618,000","-13,073,000","-10,402,000","-14,685,000","-17,508,000","-14,784,000","-19,543,000","-13,391,000","-13,084,000",,,,,,,,,,,,,,
	InterestIncomeNonOperating,"14,176,000","15,757,000","21,236,000","17,553,000","13,275,000","12,935,000","13,655,000","12,853,000","13,394,000","15,593,000","14,098,000","9,979,000","16,355,000",,,,,,,,,,,,,,
	InterestExpenseNonOperating,"42,303,000","50,792,000","78,786,000","53,654,000","31,893,000","26,008,000","24,057,000","27,538,000","30,902,000","30,377,000","33,641,000","23,370,000","29,439,000",,,,,,,,,,,,,,
OtherIncomeExpense,"-17,571,000","-17,624,000","-140,310,000","-420,000","-43,012,000","-35,072,000","4,572,000","2,325,000","-12,457,000","1,942,000","-11,838,000","-994,000","-28,944,000","4,557,000","2,900,000","2,486,000","2,067,000","2,553,000","2,333,000","261,000","-18,827,000","-15,700,000","-47,400,000","-40,800,000","4,700,000","2,300,000","1,300,000"
	EarningsFromEquityInterest,,,,,,,,,,,,,,"-73,000","835,000","827,000","1,699,000","931,000","659,000","414,000",,,,,,,
	SpecialIncomeCharges,"-14,851,000","-14,705,000","-140,156,000","0","-45,891,000","-34,931,000","0","0","-15,192,000","1,942,000","-11,838,000","-994,000","-28,944,000","4,630,000","2,065,000","1,659,000","368,000","1,622,000","1,674,000","-153,000","-18,827,000","-15,700,000","-47,400,000","-40,800,000","4,700,000","2,300,000","1,300,000"
		RestructuringAndMergernAcquisition,"14,851,000","14,705,000","101,668,000","0","45,891,000","34,931,000","0","0","15,192,000","0","12,285,000","3,020,000","23,240,000",,,,,,"-734,000",,,,,,,,
		OtherSpecialCharges,,,"38,488,000",,,,,,,"-1,942,000","-447,000","-2,026,000","5,704,000",,,,,,"-940,000",,,,,,,,
	OtherNonOperatingIncomeExpenses,"-2,720,000","-2,919,000","-154,000","-420,000","2,879,000","-141,000","4,572,000","2,325,000","2,735,000",,,,,,,,,,,,,,,,,,
PretaxIncome,"688,838,000","680,307,000","695,348,000","822,848,000","755,835,000","720,758,000","709,312,000","664,694,000","604,188,000","569,307,000","502,035,000","452,720,000","400,815,000","382,243,000","295,602,000","264,554,000","203,374,000","225,776,000","188,497,000","140,351,000","92,899,000","85,900,000","36,600,000","16,500,000","30,600,000","-5,100,000","-12,500,000"
TaxProvision,"157,943,000","159,515,000","155,492,000","362,506,000","217,958,000","211,391,000","215,610,000","190,891,000","187,858,000","180,212,000","160,069,000","127,521,000","132,924,000","129,762,000","105,220,000","97,002,000","75,404,000","84,378,000","70,510,000","51,930,000","36,150,000","35,600,000","20,300,000","17,500,000","11,300,000","5,100,000","-1,600,000"
EarningsFromEquityInterestNetOfTax,"204,773,000","204,669,000","22,270,000","-1,049,000","18,518,000","14,060,000","11,734,000","-2,341,000","7,058,000","15,561,000","10,165,000","5,243,000","5,037,000",,,,,,,,,,,,,,
NetIncomeCommonStockholders,"715,212,000","694,734,000","535,881,000","406,299,000","506,778,000","479,058,000","466,077,000","431,554,000","388,076,000","367,661,000","325,789,000","311,153,000","243,143,000","215,173,000","163,759,000","151,326,000","128,183,000","137,510,000","117,987,000","87,373,000","56,749,000","50,300,000","16,300,000","-1,000,000","19,300,000","-10,200,000","-10,900,000"
	NetIncome,"715,212,000","694,734,000","535,881,000","406,299,000","506,778,000","479,058,000","466,077,000","431,554,000","388,076,000","367,661,000","325,789,000","311,153,000","243,143,000","215,173,000","163,759,000","151,326,000","128,183,000","137,510,000","117,987,000","87,373,000","56,749,000","50,300,000","16,300,000","-1,000,000","19,300,000","-10,200,000","-10,900,000"
		NetIncomeIncludingNoncontrollingInterests,"738,059,000","719,138,000","562,126,000","459,293,000","556,395,000","523,427,000","505,436,000","471,462,000","423,388,000","404,656,000","352,131,000","333,157,000","265,060,000","232,615,000","171,849,000","157,317,000","129,669,000","140,317,000","120,578,000","88,835,000","58,506,000","52,000,000","16,400,000","-1,400,000","19,500,000","-9,700,000","-10,300,000"
			NetIncomeContinuousOperations,"735,668,000","725,461,000","562,126,000","459,293,000","556,395,000","523,427,000","505,436,000","471,462,000","423,388,000","404,656,000","352,131,000","330,442,000","272,928,000","234,966,000","183,127,000","162,388,000","128,183,000","139,522,000","117,987,000","87,373,000","56,749,000","50,300,000","16,300,000","-1,000,000","19,300,000","-10,200,000","-10,900,000"
			NetIncomeDiscontinuousOperations,"2,391,000","-6,323,000","0","-17,636,000",,"0","0","-12,535,000",,"0","0","2,715,000","-7,868,000","-19,793,000","-19,368,000","-11,062,000",,"-2,012,000",,,,,,,,,
		MinorityInterests,"-22,847,000","-24,404,000","-26,245,000","-52,994,000","-49,617,000","-44,369,000","-39,359,000","-39,908,000","-35,312,000","-36,995,000","-26,342,000","-22,004,000","-21,917,000","-17,442,000","-8,090,000","-5,991,000","-1,486,000","-2,807,000","-2,591,000","-1,462,000","-1,757,000","-1,700,000","-100,000","400,000","-200,000","-500,000","-600,000"
DilutedNIAvailtoComStockholders,"715,212,000","694,734,000","535,881,000","406,299,000","506,778,000","479,058,000","466,077,000","431,554,000","388,076,000","367,661,000","325,789,000","311,153,000","243,143,000","215,173,000","163,759,000","151,326,000","128,183,000","137,510,000","117,987,000","87,373,000","56,749,000","50,300,000","16,300,000","-1,000,000","19,300,000","-10,200,000","-10,900,000"
BasicEPS,,,"3.51","2.59","3.135","2.89","2.765","2.51","2.22","2.04","1.81","1.75","1.365","1.215","0.93","0.87","0.368","0.788","0.678","0.515","0.345","0.31","0.105","-0.008","0.233","-0.003","-0.005"
DilutedEPS,,,"3.49","2.57","3.095","2.845","2.72","2.465","2.16","1.985","1.745","1.72","1.335","1.18","0.91","0.85","0.358","0.765","0.658","0.503","0.338","0.303","0.098","-0.008","0.233","-0.003","-0.005"
BasicAverageShares,,,"152,656,000","156,787,000","161,640,000","165,688,000","168,530,000","171,852,000","174,998,000","180,240,000","180,194,000","177,744,000","178,160,000","177,118,000","175,904,000","174,012,000","349,012,000","174,836,000","173,956,000","169,464,000","164,976,000","162,340,000","157,220,000","138,228,000","82,896,000","73,228,000","2,180,000,000"
DilutedAverageShares,,,"153,707,000","158,208,000","163,724,000","168,250,000","171,480,000","175,244,000","179,646,000","185,240,000","186,536,000","181,112,000","182,442,000","182,326,000","179,640,000","178,374,000","357,848,000","179,952,000","179,488,000","174,180,000","168,028,000","165,752,000","166,196,000","138,228,000","82,896,000","73,228,000","2,180,000,000"
TotalOperatingIncomeAsReported,"719,685,000","718,261,000","753,052,000","859,369,000","771,574,000","733,972,000","715,142,000","677,054,000","618,961,000","582,149,000","521,131,000","464,085,000","419,603,000","386,259,000","304,897,000","281,088,000","213,087,000","233,719,000","197,003,000","147,750,000","127,613,000","119,300,000","96,200,000","62,400,000","29,700,000","-1,000,000","-9,500,000"
TotalExpenses,"9,319,870,000","9,252,837,000","12,308,787,000","11,602,174,000","10,754,203,000","9,860,816,000","9,656,248,000","8,883,593,000","8,305,814,000","7,948,093,000","6,993,374,000","6,071,231,000","5,952,031,000","5,533,931,000","4,848,200,000","4,354,841,000","3,847,179,000","3,120,086,000","2,628,732,000","2,410,493,000","2,254,108,000","2,166,400,000","1,825,500,000","1,455,700,000","800,300,000","617,200,000","496,100,000"
NetIncomeFromContinuingAndDiscontinuedOperation,"715,212,000","694,734,000","535,881,000","406,299,000","506,778,000","479,058,000","466,077,000","431,554,000","388,076,000","367,661,000","325,789,000","311,153,000","243,143,000","215,173,000","163,759,000","151,326,000","128,183,000","137,510,000","117,987,000","87,373,000","56,749,000","50,300,000","16,300,000","-1,000,000","19,300,000","-10,200,000","-10,900,000"
NormalizedIncome,"724,266,828.547","712,321,030","644,642,056","406,299,000","539,452,392","503,754,217","466,077,000","431,554,000","398,543,288","366,333,732.831","333,852,568.293","309,152,012.648","270,356,176.962","231,907,769.947","181,797,040.02","161,337,292.893","127,951,441.59","138,506,180.976","116,939,183.653","87,469,389.858","68,249,806.5","59,720,000","44,740,000","23,480,000","16,335,620.915","-11,580,000","-12,033,600"
InterestIncome,"14,176,000","15,757,000","21,236,000","17,553,000","13,275,000","12,935,000","13,655,000","12,853,000","13,394,000","15,593,000","14,098,000","9,979,000","16,355,000",,,,,,,,,,,,,,
InterestExpense,"42,303,000","50,792,000","78,786,000","53,654,000","31,893,000","26,008,000","24,057,000","27,538,000","30,902,000","30,377,000","33,641,000","23,370,000","29,439,000",,,,,,,,,,,,,,
NetInterestIncome,"-28,127,000","-35,035,000","-57,550,000","-36,101,000","-18,618,000","-13,073,000","-10,402,000","-14,685,000","-17,508,000","-14,784,000","-19,543,000","-13,391,000","-13,084,000",,,,,,,,,,,,,,
EBIT,"731,141,000","731,099,000","774,134,000","876,502,000","787,728,000","746,766,000","733,369,000","692,232,000","635,090,000","599,684,000","535,676,000","476,090,000","430,254,000","386,259,000","304,897,000","281,088,000","213,087,000","233,719,000","196,269,000","147,750,000","127,613,000","119,300,000","96,200,000","62,400,000","29,700,000","-1,000,000","-9,500,000"
EBITDA,"924,766,000"
ReconciledCostOfRevenue,"6,969,171,000","6,894,917,000","9,606,911,000","9,062,440,000","8,337,699,000","7,617,460,000","7,460,075,000","6,904,633,000","6,432,454,000","6,112,187,000","5,355,914,000","4,621,516,000","4,510,336,000","4,201,906,000","3,673,042,000","3,318,993,000","2,983,860,000","2,426,611,000","2,030,097,000","1,858,919,000","1,700,058,000","1,559,000,000","1,299,900,000","1,052,900,000","576,800,000","419,600,000","340,100,000"
ReconciledDepreciation,"193,625,000","184,942,000","207,560,000","193,072,000","169,780,000","159,127,000","152,238,000","128,035,000","125,322,000","115,896,000","101,214,000","81,493,000","78,127,000","73,936,000","64,930,000","60,345,000","51,326,000","36,843,000","28,272,000","35,642,000","33,762,000","28,300,000","20,000,000","14,400,000","7,900,000","6,000,000","3,800,000"
NetIncomeFromContinuingOperationNetMinorityInterest,"712,821,000","701,057,000","535,881,000","406,299,000","506,778,000","479,058,000","466,077,000","431,554,000","388,076,000","367,661,000","325,789,000","308,438,000","251,011,000","234,966,000","183,127,000","162,388,000","128,183,000","139,522,000","117,987,000","87,373,000","56,749,000","50,300,000","16,300,000","-1,000,000","19,300,000","-10,200,000","-10,900,000"
TotalUnusualItemsExcludingGoodwill,"-14,851,000","-14,705,000","-140,156,000","0","-45,891,000","-34,931,000","0","0","-15,192,000","1,942,000","-11,838,000","-994,000","-28,944,000","4,630,000","2,065,000","1,659,000","368,000","1,622,000","1,674,000","-153,000","-18,827,000","-15,700,000","-47,400,000","-40,800,000","4,700,000","2,300,000","1,300,000"
TotalUnusualItems,"-14,851,000","-14,705,000","-140,156,000","0","-45,891,000","-34,931,000","0","0","-15,192,000","1,942,000","-11,838,000","-994,000","-28,944,000","4,630,000","2,065,000","1,659,000","368,000","1,622,000","1,674,000","-153,000","-18,827,000","-15,700,000","-47,400,000","-40,800,000","4,700,000","2,300,000","1,300,000"
NormalizedEBITDA,"939,617,000","930,746,000","1,121,850,000","1,069,574,000","1,003,399,000","940,824,000","885,607,000","820,267,000","775,604,000","713,638,000","648,728,000","558,577,000","537,325,000","455,565,000","367,762,000","339,774,000","264,045,000","268,940,000","222,867,000","183,545,000","180,202,000","163,300,000","163,600,000","117,600,000","32,900,000","2,700,000","-7,000,000"
TaxRateForCalcs,"0.229","0.234","0.224","0.4","0.288","0.293","0.304","0.287","0.311","0.317","0.319","0.282","0.332","0.339","0.356","0.367","0.371","0.374","0.374","0.37","0.389","0.4","0.4","0.4","0.369","0.4","0.128"
TaxEffectOfUnusualItems,"-3,405,171.453","-3,440,970","-31,394,944","0","-13,216,608","-10,234,783","0","0","-4,724,712","614,732.831","-3,774,431.707","-279,987.352","-9,598,823.038","1,571,769.947","735,040.02","608,292.893","136,441.59","606,180.976","626,183.653","-56,610.142","-7,326,193.5","-6,280,000","-18,960,000","-16,320,000","1,735,620.915","920,000","166,400"