name,ttm,12/31/2019,09/30/2019,06/30/2019,03/31/2019,12/31/2018,09/30/2018,06/30/2018,03/31/2018,12/31/2017,09/30/2017,06/30/2017,03/31/2017,12/31/2016,09/30/2016,06/30/2016,03/31/2016,12/31/2015,09/30/2015,06/30/2015,03/31/2015,12/31/2014,09/30/2014,06/30/2014,03/31/2014,12/31/2013,09/30/2013,06/30/2013,03/31/2013,12/31/2012,09/30/2012,06/30/2012,03/31/2012,12/31/2009,09/30/2009,06/30/2009,03/31/2009
TotalRevenue,"5,271,000,000","1,106,000,000","1,325,000,000","1,425,000,000","1,415,000,000","1,410,000,000","1,371,000,000","1,371,000,000","1,404,000,000","1,361,000,000","1,440,000,000","1,322,000,000","1,295,000,000","1,338,000,000","1,383,000,000","1,377,000,000","1,265,000,000","1,427,000,000","1,379,000,000","1,196,000,000","1,402,767,000","1,403,026,000","1,559,467,000","1,535,544,000","1,612,673,000","1,416,075,000","1,444,960,000","1,770,066,000","1,640,441,000","1,503,798,000","1,762,461,000","1,906,654,000","1,499,328,000","1,226,697,000","1,346,544,000","1,082,590,000","898,485,000"
	OperatingRevenue,"5,271,000,000","1,106,000,000","1,325,000,000","1,425,000,000","1,415,000,000","1,410,000,000","1,371,000,000","1,371,000,000","1,404,000,000","1,361,000,000","1,440,000,000","1,322,000,000","1,295,000,000","1,338,000,000","1,383,000,000","1,377,000,000","1,265,000,000","1,427,000,000","1,379,000,000","1,196,000,000","1,402,767,000","1,403,026,000","1,559,467,000","1,535,544,000","1,612,673,000","1,416,075,000","1,444,960,000","1,770,066,000","1,640,441,000","1,334,255,000","1,762,461,000","1,906,654,000","1,499,328,000","1,226,697,000","1,346,544,000","1,082,590,000","898,485,000"
CostOfRevenue,"3,454,000,000","770,000,000","853,000,000","917,000,000","914,000,000","903,000,000","913,000,000","913,000,000","973,000,000","932,000,000","970,000,000","907,000,000","937,000,000","922,000,000","922,000,000","960,000,000","899,000,000","894,000,000","891,000,000","860,000,000","956,569,000","889,703,000","982,003,000","993,447,000","1,049,420,000","889,385,000","938,540,000","1,052,176,000","981,471,000","956,727,000","990,873,000","1,066,408,000","901,054,000","716,073,000","771,792,000","700,516,000","529,405,000"
GrossProfit,"1,817,000,000","336,000,000","472,000,000","508,000,000","501,000,000","507,000,000","458,000,000","458,000,000","431,000,000","429,000,000","470,000,000","415,000,000","358,000,000","416,000,000","461,000,000","417,000,000","366,000,000","533,000,000","488,000,000","336,000,000","446,198,000","513,323,000","577,464,000","542,097,000","563,253,000","526,690,000","506,420,000","717,890,000","658,970,000","547,071,000","771,588,000","840,246,000","598,274,000","510,624,000","574,752,000","382,074,000","369,080,000"
OperatingExpense,"1,073,000,000","260,000,000","271,000,000","268,000,000","274,000,000","1,163,000,000","262,000,000","286,000,000","-554,000,000","262,000,000","290,000,000","271,000,000","242,000,000","-145,000,000","792,000,000","268,000,000","259,000,000","501,000,000","291,000,000","229,000,000","131,687,000","159,856,000","315,186,000","464,350,000","320,001,000","397,545,000","283,958,000","324,995,000","295,962,000","334,160,000","288,487,000","303,052,000","255,377,000","257,386,000","288,748,000","191,507,000","164,340,000"
	SellingGeneralAndAdministration,"1,011,000,000","231,000,000","261,000,000","261,000,000","258,000,000","272,000,000","254,000,000","259,000,000","270,000,000","249,000,000","254,000,000","248,000,000","246,000,000","266,000,000","277,000,000","260,000,000","235,000,000","303,000,000","249,000,000","214,000,000","246,879,000","254,765,000","292,687,000","283,419,000","294,505,000","329,185,000","264,887,000","296,198,000","276,347,000","309,710,000","268,642,000","288,269,000","239,753,000","229,782,000","202,586,000","171,834,000","149,812,000"
		GeneralAndAdministrativeExpense,"886,000,000","696,000,000","62,000,000","65,000,000","63,000,000","740,000,000","63,000,000","62,000,000","70,000,000","679,000,000","60,000,000","65,000,000","66,000,000","75,000,000","80,000,000","81,000,000","80,000,000","697,000,000","83,000,000","78,000,000","76,954,000","748,915,000","76,642,000","74,554,000","74,293,000","806,946,000","68,355,000","71,144,000","67,642,000","774,905,000","59,084,000","59,965,000","64,418,000","56,674,000","48,502,000","43,862,000","46,851,000"
			SalariesAndWages,"286,000,000"
			InsuranceAndClaims,"499,000,000"
			OtherGandA,"101,000,000","-89,000,000","62,000,000","65,000,000","63,000,000","-110,000,000","63,000,000","62,000,000","70,000,000","-100,000,000","60,000,000","65,000,000","66,000,000","80,000,000","80,000,000","81,000,000","80,000,000","-57,000,000","83,000,000","78,000,000","76,954,000","-92,370,000","76,642,000","74,554,000","74,293,000","-105,331,000","68,355,000","71,144,000","67,642,000","-85,276,000","59,084,000","59,965,000","64,418,000","56,674,000","48,502,000","43,862,000","46,851,000"
		SellingAndMarketingExpense,"125,000,000","-465,000,000","199,000,000","196,000,000","195,000,000","-468,000,000","191,000,000","197,000,000","200,000,000","-430,000,000","194,000,000","183,000,000","180,000,000","191,000,000","197,000,000","179,000,000","155,000,000","-394,000,000","166,000,000","136,000,000","169,925,000","-494,150,000","216,045,000","208,865,000","220,212,000","-477,761,000","196,532,000","225,054,000","208,705,000","-465,195,000","209,558,000","228,304,000","175,335,000","173,108,000","154,084,000","127,972,000","102,961,000"
	ResearchAndDevelopment,"50,000,000","12,000,000","13,000,000","12,000,000","13,000,000","13,000,000","13,000,000","15,000,000","14,000,000","15,000,000","12,000,000","13,000,000","15,000,000","19,000,000","18,000,000","19,000,000","17,000,000","17,000,000","21,000,000","17,000,000","19,310,000","20,279,000","22,457,000","21,546,000","22,661,000","21,579,000","19,922,000","20,867,000","20,502,000","23,093,000","17,868,000","18,222,000","18,015,000","14,196,000","13,386,000","12,305,000","13,936,000"
	OtherOperatingExpenses,"12,000,000","17,000,000","-3,000,000","-5,000,000","3,000,000","878,000,000","-5,000,000","12,000,000","-838,000,000","-2,000,000","24,000,000","10,000,000","-19,000,000","-430,000,000","497,000,000","-11,000,000","7,000,000","142,000,000","21,000,000","-2,000,000","-134,502,000","-115,188,000","42,000","159,385,000","2,835,000","46,781,000","-851,000","7,930,000","-887,000","16,624,000","1,977,000","-3,439,000","-2,391,000","13,408,000","72,776,000","7,368,000","592,000"
OperatingIncome,"744,000,000","76,000,000","201,000,000","240,000,000","227,000,000","-656,000,000","196,000,000","172,000,000","985,000,000","167,000,000","180,000,000","144,000,000","116,000,000","561,000,000","-331,000,000","149,000,000","107,000,000","32,000,000","197,000,000","107,000,000","314,511,000","353,467,000","262,278,000","77,747,000","243,252,000","129,145,000","222,462,000","392,895,000","363,008,000","212,911,000","483,101,000","537,194,000","342,897,000","253,238,000","286,004,000","190,567,000","204,740,000"
NetNonOperatingInterestIncomeExpense,"-140,000,000","-36,000,000","-32,000,000","-37,000,000","-35,000,000","-14,000,000","-23,000,000","-54,000,000","-15,000,000","-52,000,000","-36,000,000","-49,000,000","-14,000,000","-37,000,000","-45,000,000","-40,000,000","-28,000,000","-23,000,000","-49,000,000","-14,000,000","-15,445,000","6,540,000","-20,892,000","-50,792,000","-18,585,000","-65,049,000","-3,431,000","-16,086,000","-1,791,000","6,170,000","-18,001,000","-28,485,000","-17,366,000","5,447,000","-24,079,000","2,176,000","22,571,000"
	InterestIncomeNonOperating,"8,000,000","-83,000,000","35,000,000","12,000,000","44,000,000",,"19,000,000","22,000,000","25,000,000",,"25,000,000","33,000,000","77,000,000","-13,000,000","35,000,000","17,000,000","14,000,000","-44,000,000","23,000,000","67,000,000","73,558,000","-79,472,000","59,238,000","14,991,000","7,217,000","-77,221,000","38,491,000","8,837,000","40,938,000","13,461,000","4,115,000","4,442,000","8,715,000","24,818,000","13,767,000","10,286,000","40,668,000"
	InterestExpenseNonOperating,"109,000,000","-86,000,000","67,000,000","49,000,000","79,000,000","-30,000,000","42,000,000","76,000,000","40,000,000","-84,000,000","61,000,000","82,000,000","91,000,000","3,000,000","80,000,000","57,000,000","42,000,000","-44,000,000","72,000,000","81,000,000","89,003,000","-84,979,000","80,130,000","65,783,000","25,802,000","-58,642,000","41,922,000","24,923,000","42,729,000","-26,930,000","22,116,000","32,927,000","26,081,000","19,371,000","37,846,000","8,110,000","18,097,000"
	TotalOtherFinanceCost,"39,000,000",,,,,"66,000,000",,,,"25,000,000",,,,"19,000,000",,,,"29,000,000",,,,,,,,,,,,,,,,,,,
OtherIncomeExpense,"24,000,000","23,000,000",,"1,000,000",,"3,000,000","-1,000,000",,"1,000,000","47,000,000",,"1,000,000","1,000,000","-469,000,000","7,000,000","7,000,000","2,000,000","106,000,000","8,000,000","6,000,000","-779,000","-239,396,000","6,892,000","9,079,000","2,664,000","60,407,000","11,224,000","8,168,000","-756,000","-15,685,000","9,790,000","6,393,000","7,240,000","-2,170,000","2,337,000","522,000","1,453,000"
	GainOnSaleOfSecurity,"11,000,000"
	EarningsFromEquityInterest,"1,000,000","0","0","1,000,000","0","3,000,000","-1,000,000","0","1,000,000","-2,000,000","0","1,000,000","1,000,000","2,000,000","7,000,000","7,000,000","2,000,000","5,000,000","8,000,000","6,000,000","-779,000","47,637,000","6,892,000","9,079,000","2,664,000","8,876,000","11,224,000","8,168,000","-756,000","-13,217,000","9,790,000","6,393,000","7,240,000","-3,084,000","625,000","406,000","571,000"
	SpecialIncomeCharges,"12,000,000",,,,,,,,,,,,,,,,,,,,,,,,,,,,,,,,,"914,000","1,712,000","116,000","882,000"
		WriteOff,"0"
		GainOnSaleOfPPE,"12,000,000"
PretaxIncome,"628,000,000","63,000,000","169,000,000","204,000,000","192,000,000","103,000,000","172,000,000","118,000,000","971,000,000","162,000,000","144,000,000","96,000,000","103,000,000","55,000,000","-369,000,000","116,000,000","81,000,000","115,000,000","156,000,000","99,000,000","298,287,000","120,611,000","248,278,000","36,034,000","227,331,000","124,503,000","230,255,000","384,977,000","360,461,000","203,396,000","474,890,000","515,102,000","332,771,000","256,515,000","264,262,000","193,265,000","228,764,000"
TaxProvision,"147,000,000","15,000,000","35,000,000","46,000,000","51,000,000","19,000,000","45,000,000","20,000,000","45,000,000","13,000,000","62,000,000","41,000,000","42,000,000","50,000,000","-22,000,000","5,000,000","22,000,000","23,000,000","34,000,000","24,000,000","81,270,000","35,582,000","67,265,000","-32,079,000","95,384,000","4,941,000","151,954,000","68,349,000","54,779,000","-8,742,000","79,265,000","107,192,000","43,311,000","52,284,000","6,230,000","34,435,000","75,543,000"
NetIncomeCommonStockholders,"475,000,000","48,000,000","130,000,000","158,000,000","139,000,000","82,000,000","129,000,000","101,000,000","928,000,000","155,000,000","84,000,000","57,000,000","68,000,000","32,000,000","-340,000,000","120,000,000","66,000,000","96,000,000","121,000,000","75,000,000","216,744,000","85,324,000","179,729,000","67,242,000","131,260,000","119,202,000","77,850,000","316,173,000","305,348,000","208,552,000","395,067,000","407,647,000","289,257,000","202,744,000","256,607,000","152,316,000","158,753,000"
	NetIncome,"475,000,000","48,000,000","130,000,000","158,000,000","139,000,000","82,000,000","129,000,000","101,000,000","928,000,000","155,000,000","84,000,000","57,000,000","68,000,000","32,000,000","-340,000,000","120,000,000","66,000,000","96,000,000","121,000,000","75,000,000","216,744,000","85,324,000","179,729,000","67,242,000","131,260,000","119,202,000","77,850,000","316,173,000","305,348,000","208,552,000","395,067,000","407,647,000","289,257,000","202,744,000","256,607,000","152,316,000","158,753,000"
		NetIncomeIncludingNoncontrollingInterests,"481,000,000","48,000,000","134,000,000","158,000,000","141,000,000","84,000,000","127,000,000","98,000,000","926,000,000","149,000,000","82,000,000","55,000,000","61,000,000","5,000,000","-347,000,000","111,000,000","59,000,000","92,000,000","122,000,000","75,000,000","217,017,000","85,029,000","181,013,000","68,113,000","131,947,000","119,562,000","78,301,000","316,628,000","305,682,000","212,138,000","395,625,000","407,910,000","289,460,000","204,231,000","258,032,000","158,830,000","153,221,000"
			NetIncomeContinuousOperations,"481,000,000","48,000,000","134,000,000","158,000,000","141,000,000","84,000,000","127,000,000","98,000,000","926,000,000","149,000,000","82,000,000","55,000,000","61,000,000","5,000,000","-347,000,000","111,000,000","59,000,000","92,000,000","122,000,000","75,000,000","217,017,000","85,029,000","181,013,000","68,113,000","131,947,000","119,562,000","78,301,000","316,628,000","305,682,000","212,138,000","395,625,000","407,910,000","289,460,000","204,231,000","258,032,000","158,830,000","153,221,000"
		MinorityInterests,"-6,000,000","0","-4,000,000","0","-2,000,000","-2,000,000","2,000,000","3,000,000","2,000,000","6,000,000","2,000,000","2,000,000","7,000,000","27,000,000","7,000,000","9,000,000","7,000,000","4,000,000","-1,000,000",,"-273,000","295,000","-1,284,000","-871,000","-687,000","-360,000","-451,000","-455,000","-334,000","-3,586,000","-558,000","-263,000","-203,000","-1,487,000","-1,425,000","-6,514,000","5,532,000"
DilutedNIAvailtoComStockholders,"475,000,000","48,000,000","130,000,000","158,000,000","139,000,000","82,000,000","129,000,000","101,000,000","928,000,000","155,000,000","84,000,000","57,000,000","68,000,000","32,000,000","-340,000,000","120,000,000","66,000,000","96,000,000","121,000,000","75,000,000","216,744,000","85,324,000","179,729,000","67,242,000","131,260,000","119,202,000","77,850,000","316,173,000","305,348,000","208,552,000","395,067,000","407,647,000","289,257,000","202,744,000","256,607,000","152,316,000","158,753,000"
BasicEPS,,"0.04","0.1","0.12","0.11","0.06","0.1","0.08","0.73","0.12","0.07","0.045","0.053","0.03","-0.27","0.09","0.05","0.08","0.1","0.059","0.171","0.067","0.141","0.053","0.103",,"0.062","0.249","0.24",,"0.311","0.321","0.228","0.157","0.199","0.118","0.123"
DilutedEPS,,"0.04","0.1","0.12","0.11","0.06","0.1","0.08","0.73","0.12","0.07","0.045","0.053","0.03","-0.27","0.09","0.05","0.08","0.1","0.059","0.171","0.067","0.141","0.053","0.103",,"0.062","0.249","0.24",,"0.311","0.321","0.227","0.157","0.199","0.118","0.123"
BasicAverageShares,,"1,280,160,000","1,280,586,000","1,279,617,000","1,278,283,000","1,278,064,000","1,275,721,000","1,276,257,000","1,276,349,000","1,277,099,000","1,277,588,000","1,274,666,000","1,276,098,000","1,274,195,000","1,274,069,000","1,272,949,000","1,272,930,000","1,200,000,000","1,272,662,000","1,271,186,441","1,267,508,772","1,273,492,537","1,274,673,759","1,268,716,981","1,274,368,932",,"1,255,645,161","1,269,771,084","1,272,283,333",,"1,270,311,897","1,269,928,349","1,268,671,053","1,291,155,548","1,291,155,548","1,291,155,548","1,291,155,548"
DilutedAverageShares,,"1,281,811,000","1,283,675,000","1,283,008,000","1,282,689,000","1,283,152,000","1,278,780,000","1,278,222,000","1,277,595,000","1,277,947,000","1,279,202,000","1,275,175,000","1,276,975,000","1,274,791,000","1,274,069,000","1,273,812,000","1,273,499,000","1,200,000,000","1,273,184,000","1,271,186,441","1,267,508,772","1,273,492,537","1,274,673,759","1,268,716,981","1,274,368,932",,"1,255,645,161","1,269,771,084","1,272,283,333",,"1,270,311,897","1,269,928,349","1,274,259,912","1,291,155,548","1,291,155,548","1,291,155,548","1,291,155,548"
TotalOperatingIncomeAsReported,"756,000,000","88,000,000","201,000,000","240,000,000","227,000,000","166,000,000","196,000,000","172,000,000","985,000,000","189,000,000","180,000,000","144,000,000","116,000,000","72,000,000","-331,000,000","149,000,000","107,000,000","146,000,000","197,000,000","107,000,000","314,511,000","174,393,000","262,278,000","77,747,000","243,252,000","123,001,000","222,462,000","392,895,000","363,008,000","213,323,000","483,101,000","537,194,000","342,897,000",,,,
TotalExpenses,"4,527,000,000","1,030,000,000","1,124,000,000","1,185,000,000","1,188,000,000","2,066,000,000","1,175,000,000","1,199,000,000","419,000,000","1,194,000,000","1,260,000,000","1,178,000,000","1,179,000,000","777,000,000","1,714,000,000","1,228,000,000","1,158,000,000","1,395,000,000","1,182,000,000","1,089,000,000","1,088,256,000","1,049,559,000","1,297,189,000","1,457,797,000","1,369,421,000","1,286,930,000","1,222,498,000","1,377,171,000","1,277,433,000","1,290,887,000","1,279,360,000","1,369,460,000","1,156,431,000","973,459,000","1,060,540,000","892,023,000","693,745,000"
NetIncomeFromContinuingAndDiscontinuedOperation,"475,000,000","48,000,000","130,000,000","158,000,000","139,000,000","82,000,000","129,000,000","101,000,000","928,000,000","155,000,000","84,000,000","57,000,000","68,000,000","32,000,000","-340,000,000","120,000,000","66,000,000","96,000,000","121,000,000","75,000,000","216,744,000","85,324,000","179,729,000","67,242,000","131,260,000","119,202,000","77,850,000","316,173,000","305,348,000","208,552,000","395,067,000","407,647,000","289,257,000","202,744,000","256,607,000","152,316,000","158,753,000"
NormalizedIncome,"457,290,000","48,000,000","130,000,000","158,000,000","139,000,000","82,000,000","129,000,000","101,000,000","928,000,000","155,000,000","84,000,000","57,000,000","68,000,000","32,000,000","-340,000,000","120,000,000","66,000,000","96,000,000","121,000,000","75,000,000","216,744,000","85,324,000","179,729,000","67,242,000","131,260,000","119,202,000","77,850,000","316,173,000","305,348,000","208,552,000","395,067,000","407,647,000","289,257,000","202,016,295.445","254,935,360.551","152,220,668.305","158,162,256.168"
InterestIncome,"8,000,000","-83,000,000","35,000,000","12,000,000","44,000,000",,"19,000,000","22,000,000","25,000,000",,"25,000,000","33,000,000","77,000,000","-13,000,000","35,000,000","17,000,000","14,000,000","-44,000,000","23,000,000","67,000,000","73,558,000","-79,472,000","59,238,000","14,991,000","7,217,000","-77,221,000","38,491,000","8,837,000","40,938,000","13,461,000","4,115,000","4,442,000","8,715,000","24,818,000","13,767,000","10,286,000","40,668,000"
InterestExpense,"109,000,000","-86,000,000","67,000,000","49,000,000","79,000,000","-30,000,000","42,000,000","76,000,000","40,000,000","-84,000,000","61,000,000","82,000,000","91,000,000","3,000,000","80,000,000","57,000,000","42,000,000","-44,000,000","72,000,000","81,000,000","89,003,000","-84,979,000","80,130,000","65,783,000","25,802,000","-58,642,000","41,922,000","24,923,000","42,729,000","-26,930,000","22,116,000","32,927,000","26,081,000","19,371,000","37,846,000","8,110,000","18,097,000"
NetInterestIncome,"-140,000,000","-36,000,000","-32,000,000","-37,000,000","-35,000,000","-14,000,000","-23,000,000","-54,000,000","-15,000,000","-52,000,000","-36,000,000","-49,000,000","-14,000,000","-37,000,000","-45,000,000","-40,000,000","-28,000,000","-23,000,000","-49,000,000","-14,000,000","-15,445,000","6,540,000","-20,892,000","-50,792,000","-18,585,000","-65,049,000","-3,431,000","-16,086,000","-1,791,000","6,170,000","-18,001,000","-28,485,000","-17,366,000","5,447,000","-24,079,000","2,176,000","22,571,000"
EBIT,"737,000,000","-23,000,000","236,000,000","253,000,000","271,000,000","73,000,000","214,000,000","194,000,000","1,011,000,000","78,000,000","205,000,000","178,000,000","194,000,000","58,000,000","-289,000,000","173,000,000","123,000,000","71,000,000","228,000,000","180,000,000","387,290,000","35,632,000","328,408,000","101,817,000","253,133,000","65,861,000","272,177,000","409,900,000","403,190,000","176,466,000","497,006,000","548,029,000","358,852,000","275,886,000","302,108,000","201,375,000","246,861,000"
EBITDA,"1,180,000,000"
ReconciledCostOfRevenue,"3,454,000,000","770,000,000","853,000,000","917,000,000","914,000,000","903,000,000","913,000,000","913,000,000","973,000,000","932,000,000","970,000,000","907,000,000","937,000,000","922,000,000","922,000,000","960,000,000","899,000,000","894,000,000","891,000,000","860,000,000","956,569,000","889,703,000","982,003,000","993,447,000","1,049,420,000","889,385,000","938,540,000","1,052,176,000","981,471,000","956,727,000","990,873,000","1,066,408,000","901,054,000","716,073,000","771,792,000","700,516,000","529,405,000"
ReconciledDepreciation,"443,000,000","113,000,000","110,000,000","109,000,000","111,000,000","107,000,000","94,000,000","105,000,000","97,000,000","90,000,000","111,000,000","95,000,000","94,000,000","95,000,000","113,000,000","99,000,000","99,000,000","129,000,000","90,000,000","97,000,000","114,279,000","163,431,000","86,701,000","91,243,000","86,103,000","102,086,000","81,727,000","81,428,000","82,500,000","51,456,000","80,749,000","71,574,000","83,284,000",,,,
NetIncomeFromContinuingOperationNetMinorityInterest,"475,000,000","48,000,000","130,000,000","158,000,000","139,000,000","82,000,000","129,000,000","101,000,000","928,000,000","155,000,000","84,000,000","57,000,000","68,000,000","32,000,000","-340,000,000","120,000,000","66,000,000","96,000,000","121,000,000","75,000,000","216,744,000","85,324,000","179,729,000","67,242,000","131,260,000","119,202,000","77,850,000","316,173,000","305,348,000","208,552,000","395,067,000","407,647,000","289,257,000","202,744,000","256,607,000","152,316,000","158,753,000"
TotalUnusualItemsExcludingGoodwill,"23,000,000",,,,,,,,,,,,,,,,,,,,,,,,,,,,,,,,,"914,000","1,712,000","116,000","882,000"
TotalUnusualItems,"23,000,000",,,,,,,,,,,,,,,,,,,,,,,,,,,,,,,,,"914,000","1,712,000","116,000","882,000"
NormalizedEBITDA,"1,157,000,000","90,000,000","346,000,000","362,000,000","382,000,000","180,000,000","308,000,000","299,000,000","1,108,000,000","168,000,000","316,000,000","273,000,000","288,000,000","153,000,000","-176,000,000","272,000,000","222,000,000","200,000,000","318,000,000","277,000,000","501,569,000","199,063,000","415,109,000","193,060,000","339,236,000","167,947,000","353,904,000","491,328,000","485,690,000","227,922,000","577,755,000","619,603,000","442,136,000","274,972,000","300,396,000","201,259,000","245,979,000"
TaxRateForCalcs,"0.23","0.238","0.207","0.225","0.266","0.184","0.262","0.169","0.046","0.08","0.24","0.24","0.29","0.25","0.265","0.043","0.27","0.2","0.22","0.25","0.27","0.295","0.271","0.265","0.265","0.04","0.25","0.178","0.152","0.25","0.167","0.208","0.13","0.204","0.024","0.178","0.33"
TaxEffectOfUnusualItems,"5,290,000","0","0","0","0","0","0","0","0","0","0","0","0","0","0","0","0","0","0","0","0","0","0","0","0","0","0","0","0","0","0","0","0","186,295.445","40,360.551","20,668.305","291,256.168"