name,ttm,03/31/2020,12/31/2019,09/30/2019,06/30/2019,03/31/2019,12/31/2018,09/30/2018,06/30/2018,03/31/2018,12/31/2017,09/30/2017,06/30/2017,03/31/2017,12/31/2016,09/30/2016,06/30/2016,03/31/2016,12/31/2015,09/30/2015,06/30/2015,03/31/2015,12/31/2014,09/30/2014,06/30/2014,03/31/2014,12/31/2013,09/30/2013,06/30/2013,03/31/2013,12/31/2012,09/30/2012,06/30/2012,03/31/2012,12/31/2011,09/30/2011,06/30/2011,03/31/2011,12/31/2010,09/30/2010,06/30/2010,03/31/2010,12/31/2009,09/30/2009,06/30/2009,03/31/2009,12/31/2008,09/30/2008,06/30/2008,03/31/2008,12/31/2007,09/30/2007,06/30/2007,03/31/2007,12/31/2006,09/30/2006,06/30/2006,03/31/2006,12/31/2005,09/30/2005,06/30/2005,03/31/2005,12/31/2004,09/30/2004,06/30/2004,03/31/2004,12/31/2003,09/30/2003,06/30/2003,03/31/2003,12/31/2002,09/30/2002,06/30/2002,03/31/2002,12/31/2001,09/30/2001,06/30/2001,03/31/2001,12/31/2000,09/30/2000,06/30/2000,03/31/2000,12/31/1999,09/30/1999,06/30/1999,03/31/1999,12/31/1998,09/30/1998,06/30/1998,03/31/1998,12/31/1997,09/30/1997,06/30/1997,03/31/1997,12/31/1996,09/30/1996,06/30/1996,03/31/1996,12/31/1995,09/30/1995,06/30/1995,03/31/1995,12/31/1994,09/30/1994,06/30/1994,03/31/1994,12/31/1993,09/30/1993,06/30/1993,03/31/1993,12/31/1992,09/30/1992,06/30/1992,03/31/1992,12/31/1991,09/30/1991,06/30/1991,03/31/1991,12/31/1990,09/30/1990,06/30/1990,03/31/1990,12/31/1989,09/30/1989,06/30/1989,03/31/1989,12/31/1988,09/30/1988,06/30/1988,03/31/1988,12/31/1987,09/30/1987,06/30/1987,03/31/1987,12/31/1986,09/30/1986,06/30/1986,03/31/1986,12/31/1985,09/30/1985
TotalRevenue,"30,836,000,000","6,213,000,000","7,657,000,000","8,201,000,000","8,765,000,000","7,571,000,000","7,425,000,000","9,265,000,000","9,104,000,000","7,503,000,000","7,628,000,000","6,696,000,000","6,564,000,000","6,564,000,000","6,669,000,000","6,134,000,000","5,810,000,000","4,786,000,000","5,815,000,000","6,695,000,000","6,885,000,000","5,793,000,000","7,597,000,000","9,229,000,000","9,016,000,000","8,827,000,000","7,870,000,000","8,192,000,000","7,564,000,000","7,673,000,000","6,450,000,000","8,319,000,000","7,452,000,000","7,494,000,000","8,183,000,000","7,918,000,000","7,761,000,000","6,852,000,000","6,790,000,000","5,828,000,000","6,139,000,000","6,166,000,000","5,864,000,000","5,561,000,000","5,303,000,000","4,670,000,000","6,561,436,134","9,441,000,000","9,016,690,200","7,262,627,302","6,740,270,233","6,430,487,926","6,339,001,063","5,934,040,590","5,630,718,216","6,651,391,528","6,688,232,013","5,818,542,737","7,742,201,069","7,710,801,394","6,802,503,989","5,650,544,135","6,112,316,760","5,814,539,499","5,466,310,874","5,066,894,019","4,594,058,185","4,625,877,904","4,510,333,649","5,478,184,222","4,828,535,455","4,531,746,032","4,194,574,936","3,484,703,633","3,529,816,624","4,180,211,457","4,812,405,446","4,696,515,844","5,090,231,728","4,487,526,300","4,201,568,744","4,049,586,777","3,137,033,003","2,763,022,744","2,404,957,466","1,953,962,264","2,213,029,982","2,289,977,047","2,302,072,615","2,197,021,277","2,732,024,048","2,668,001,657","2,601,932,367","2,666,989,754","2,760,025,274","2,626,957,114","2,564,920,895","2,392,959,087","-236,088,424","3,199,624,363","3,410,182,517","3,115,992,724","4,316,507,419","2,318,029,266","2,206,004,427","2,096,055,363","2,285,969,585","2,217,049,093","2,245,994,103","2,179,061,281","2,254,969,273","2,317,994,762","2,317,026,379","2,100,011,892","2,127,079,198","2,317,945,236","2,335,959,804","2,399,027,327","4,865,639,895","2,835,972,720","2,694,053,299","2,626,038,133","2,672,006,154","2,668,000,942","2,688,045,950","1,979,010,137","1,786,014,016","1,766,946,574","1,860,036,386","1,715,009,265","1,322,970,712","2,074,011,003","2,007,984,032","1,635,011,740","1,294,037,569","1,695,030,539","1,846,036,585","1,860,994,691","1,846,960,649","2,139,991,757"
	OperatingRevenue,"32,701,000,000","6,664,000,000","8,122,000,000","8,687,000,000","9,228,000,000","7,965,000,000","7,851,000,000","9,697,000,000","9,516,000,000","7,900,000,000","8,048,000,000","7,134,000,000","6,985,000,000","6,958,000,000","7,082,000,000","6,568,000,000","6,225,000,000","5,174,000,000","6,203,000,000","7,111,000,000","7,272,000,000","6,170,000,000","7,994,000,000","9,641,000,000","9,399,000,000","9,197,000,000","8,252,000,000","8,577,000,000","7,894,000,000","7,999,000,000","7,788,000,000","8,319,000,000","7,452,000,000","7,494,000,000","7,943,000,000","7,918,000,000","7,761,000,000","6,852,000,000","6,893,000,000","5,828,000,000","6,091,000,000","6,134,000,000","5,831,000,000","5,547,000,000","5,261,000,000","4,653,000,000","5,912,679,456","9,478,000,000","9,105,238,800","7,542,433,906","5,724,891,767","6,649,110,603","6,622,741,764","6,071,263,837","5,502,992,746","6,612,272,270","6,603,457,892","6,088,276,507","8,742,140,558","7,682,926,830","7,033,263,778","5,939,540,508","5,196,414,474","6,098,021,923","5,439,626,418","5,056,400,839","3,627,107,294","4,929,767,693","4,472,511,144","5,451,740,855","4,777,449,525","4,455,555,556","4,179,421,124","3,476,736,775","3,506,936,642","4,164,431,119","4,785,173,979","4,696,515,844","5,090,231,728","4,487,526,300","4,201,568,744","4,049,586,777","3,137,033,003","2,763,022,744","2,404,957,466","1,953,962,264","2,213,029,982","2,289,977,047","2,302,072,615","2,197,021,277","2,732,024,048","2,668,001,657","2,601,932,367","2,666,989,754","2,760,025,274","2,626,957,114","2,564,920,895","2,392,959,087","-236,088,424","3,199,624,363","3,410,182,517","3,115,992,724","4,316,507,419","2,318,029,266","2,206,004,427","2,096,055,363","2,285,969,585","2,217,049,093","2,245,994,103","2,179,061,281","2,254,969,273","2,317,994,762","2,317,026,379","2,100,011,892","2,127,079,198","2,317,945,236","2,335,959,804","2,399,027,327","4,865,639,895","2,835,972,720","2,694,053,299","2,626,038,133","2,672,006,154","2,668,000,942","2,688,045,950","1,979,010,137","1,786,014,016","1,766,946,574","1,860,036,386","1,715,009,265","1,322,970,712","2,074,011,003","2,007,984,032","1,635,011,740","1,294,037,569","1,695,030,539","1,846,036,585","1,860,994,691","1,846,960,649","2,139,991,757"
	ExciseTaxes,"1,865,000,000","451,000,000","465,000,000","486,000,000","463,000,000","394,000,000","426,000,000","432,000,000","412,000,000","397,000,000","420,000,000","438,000,000","421,000,000","394,000,000","413,000,000","434,000,000","415,000,000","388,000,000","388,000,000","416,000,000","387,000,000","377,000,000","397,000,000","412,000,000","383,000,000","370,000,000","382,000,000","385,000,000","330,000,000","326,000,000",,,,,,,,,,,,,,,,,,,"333,838,400","311,696,328",,"342,840,107","324,123,273","304,428,044",,,,"302,428,772","311,737,353","335,656,214","322,818,215","307,134,220",,"327,579,690","313,542,362",,,"328,200,972",,,,,,,,,,,,,,,,,,,,,,,,,,,,,,,,,,,,,,,,,,,,,,,,,,,,,,,,,,,,,,,,,,,,,,,,
CostOfRevenue,"28,462,000,000","6,278,000,000","6,996,000,000","7,419,000,000","7,769,000,000","6,880,000,000","6,099,000,000","7,989,000,000","8,541,000,000","6,588,000,000","7,416,000,000","5,980,000,000","6,519,000,000","6,100,000,000","6,017,000,000","5,516,000,000","5,758,000,000","4,681,000,000","5,358,000,000","5,804,000,000","6,025,000,000","4,981,000,000","6,500,000,000","7,734,000,000","7,705,000,000","7,298,000,000","6,259,000,000","7,032,000,000","6,921,000,000","6,341,000,000","6,339,000,000","6,100,000,000","5,892,000,000","5,363,000,000","6,060,000,000","6,010,000,000","6,024,000,000","4,959,000,000","5,065,000,000","4,423,000,000","4,678,000,000","4,778,000,000","4,319,000,000","4,056,000,000","4,230,000,000","3,433,000,000","188,085,964","6,853,000,000","6,557,685,400","5,824,503,652","4,793,239,280","4,384,378,416","4,400,637,620","4,332,333,948","3,798,948,551","4,609,366,268","4,796,430,563","4,065,857,076","5,350,281,392","5,707,317,073","5,106,174,052","4,476,420,798","4,439,196,131","4,137,583,470","3,926,617,745","3,516,526,758","3,262,507,052","3,229,335,494","2,658,381,737","3,421,477,890","3,659,053,914","3,407,936,508","3,379,299,894","2,848,948,375","2,777,630,575","3,239,703,330","3,733,736,762","3,556,676,651","3,889,214,492","3,432,521,791","3,220,364,067","3,112,947,658","2,237,034,299","1,890,975,789","1,749,046,641","1,387,018,868","1,203,137,310","1,586,074,981","1,626,929,296","1,562,978,723","2,047,007,930","1,859,964,093","1,812,008,282","1,872,057,602",,,"1,862,929,624",,,,,,"3,024,977,045","1,523,023,225","1,731,045,932","746,989,619","1,662,949,496","1,491,061,900","1,807,973,337","1,533,031,333","1,685,926,344","1,600,947,749","1,667,026,379",,"3,851,015,687","899,977,370","1,088,043,851","1,765,053,265","4,285,674,451","1,302,970,755","1,468,055,394","1,389,051,351",,,,,,,,,,,,,,,,,,
GrossProfit,"2,374,000,000","-65,000,000","661,000,000","782,000,000","996,000,000","691,000,000","1,326,000,000","1,276,000,000","563,000,000","915,000,000","212,000,000","716,000,000","45,000,000","464,000,000","652,000,000","618,000,000","52,000,000","105,000,000","457,000,000","891,000,000","860,000,000","812,000,000","1,097,000,000","1,495,000,000","1,311,000,000","1,529,000,000","1,611,000,000","1,160,000,000","643,000,000","1,332,000,000","111,000,000","2,219,000,000","1,560,000,000","2,131,000,000","2,123,000,000","1,908,000,000","1,737,000,000","1,893,000,000","1,725,000,000","1,405,000,000","1,461,000,000","1,388,000,000","1,545,000,000","1,505,000,000","1,073,000,000","1,237,000,000","6,373,350,170","2,588,000,000","2,459,004,800","1,438,123,650","1,947,030,953","2,046,109,510","1,938,363,443","1,601,706,642","1,831,769,665","2,042,025,260","1,891,801,450","1,752,685,661","2,391,919,677","2,003,484,321","1,696,329,937","1,174,123,337","1,673,120,629","1,676,956,029","1,539,693,129","1,550,367,261","1,331,551,133","1,396,542,410","1,851,951,912","2,056,706,332","1,169,481,541","1,123,809,524","815,275,042","635,755,258","752,186,049","940,508,127","1,078,668,684","1,139,839,193","1,201,017,236","1,055,004,509","981,204,677","936,639,119","899,998,704","872,046,955","655,910,825","566,943,396","1,009,892,672","703,902,066","675,143,319","634,042,554","685,016,118","808,037,564","789,924,085","794,932,152",,,"701,991,271",,,,,,"1,291,530,374","795,006,041","474,958,495","1,349,065,744","623,020,089","725,987,193","438,020,766","646,029,948","569,042,929","717,047,013","650,000,000",,"-1,723,936,489","1,417,967,866","1,247,915,953","633,974,062","579,965,444","1,533,001,965","1,225,997,905","1,236,986,782",,,,,,,,,,,,,,,,,,
OperatingExpense,"868,000,000","167,000,000","239,000,000","221,000,000","241,000,000","246,000,000","223,000,000","228,000,000","274,000,000","202,000,000","421,000,000","226,000,000","201,000,000","228,000,000","336,000,000","291,000,000","309,000,000","287,000,000","335,000,000","286,000,000","288,000,000","281,000,000","265,000,000","268,000,000","313,000,000","296,000,000","334,000,000","321,000,000","273,000,000","277,000,000","-1,287,000,000","850,000,000","783,000,000","818,000,000","798,000,000","803,000,000","790,000,000","861,000,000","815,000,000","857,000,000","779,000,000","736,000,000","798,000,000","746,000,000","778,000,000","833,000,000","4,981,945,119","704,000,000","847,827,400","476,288,448","888,350,556","845,672,265","906,482,465","475,092,251","916,525,905","809,209,791","805,354,155","855,908,454","1,800,378,025","711,962,834","875,168,774","584,038,694","896,343,412","846,667,507","521,681,121","828,961,175","923,216,023","821,177,742","1,292,719,168","1,323,637,432","485,008,319","511,111,111","477,345,052","463,671,128","461,460,331","487,612,435","481,089,259","465,079,615","469,363,747","498,948,001","483,942,578","463,969,842","480,862,166","483,052,091","455,998,827","435,018,868","872,957,118","473,909,717","458,033,221","433,049,645","556,019,801","425,908,024","436,024,845","423,982,276",,,"457,992,362",,,,,,"822,489,248","465,968,586","445,074,709","1,115,017,301","349,978,943","536,953,042","202,025,381","451,994,463","520,073,217","536,974,685","492,086,331",,"-1,871,012,142","1,274,043,901","1,268,927,715","432,028,717","-99,302,013","1,103,918,622","1,069,940,649","990,057,317",,,,,,,,,,,,,,,,,,
	SellingGeneralAndAdministration,"853,000,000","166,000,000","234,000,000","217,000,000","236,000,000","213,000,000","217,000,000","224,000,000","273,000,000","194,000,000","267,000,000","219,000,000","201,000,000","206,000,000","317,000,000","275,000,000","267,000,000","270,000,000","314,000,000","267,000,000","272,000,000","264,000,000","250,000,000","254,000,000","296,000,000","275,000,000","285,000,000","291,000,000","252,000,000","254,000,000","259,000,000","291,000,000","247,000,000","284,000,000","345,000,000","249,000,000","253,000,000","321,000,000","284,000,000","271,000,000","265,000,000","250,000,000","284,000,000","221,000,000","271,000,000","330,000,000","4,471,905,780","175,000,000","329,767,200","295,237,116","365,893,994","298,121,832","384,697,131","285,977,860","392,982,398","276,070,191","276,631,344","337,459,131","299,343,346","494,773,519","657,910,887","345,828,295","322,098,108","298,601,487","304,202,802","309,548,793","403,106,606","307,941,653","803,728,218","840,311,444",,,,,,,,,,,,,,,,,,,,,,,,,,,,,,,,,,,,"689,965,398",,,,,,,,,,"806,969,903","807,011,534","226,030,570",,"401,918,853","404,049,808","355,948,064",,,,,,,,,,,,,,,,,,
		GeneralAndAdministrativeExpense,,,"269,000,000","253,000,000","272,000,000","249,000,000","244,000,000","251,000,000","299,000,000","221,000,000","267,000,000","219,000,000","201,000,000","206,000,000","317,000,000","275,000,000","267,000,000","270,000,000","314,000,000","267,000,000","272,000,000","264,000,000","250,000,000","254,000,000","296,000,000","275,000,000","285,000,000","291,000,000","252,000,000","254,000,000",,,,,,,,,,,,,,,,,,,,,,,,,,,,,,,,,,,,,,,,,,,,,,,,,,,,,,,,,,,,,,,,,,,,,,,,,,,,,,,,,,,,,,,,,,,,,,,,,,,,,,,,,,,,,,
			SalariesAndWages,,,"35,000,000","36,000,000","36,000,000","36,000,000","27,000,000","27,000,000","26,000,000","27,000,000",,,,,,,,,,,,,,,,,,,,,,,,,,,,,,,,,,,,,,,,,,,,,,,,,,,,,,,,,,,,,,,,,,,,,,,,,,,,,,,,,,,,,,,,,,,,,,,,,,,,,,,,,,,,,,,,,,,,,,,,,,,,,,,,,,
			OtherGandA,,,"234,000,000","217,000,000","236,000,000","213,000,000","217,000,000","224,000,000","273,000,000","194,000,000","267,000,000","219,000,000","201,000,000","206,000,000","317,000,000","275,000,000","267,000,000","270,000,000","314,000,000","267,000,000","272,000,000","264,000,000","250,000,000","254,000,000","296,000,000","275,000,000","285,000,000","291,000,000","252,000,000","254,000,000",,,,,,,,,,,,,,,,,,,,,,,,,,,,,,,,,,,,,,,,,,,,,,,,,,,,,,,,,,,,,,,,,,,,,,,,,,,,,,,,,,,,,,,,,,,,,,,,,,,,,,,,,,,,,,
	DepreciationAmortizationDepletionIncomeStatement,,,,,,,,,,,,,,,,,,,,,,,,,,,,,,,,"183,000,000","178,000,000","190,000,000","194,000,000","192,000,000","190,000,000","188,000,000","186,000,000","187,000,000","192,000,000","182,000,000","197,000,000","194,000,000","193,000,000","197,000,000","178,508,985","188,000,000","184,221,800","181,051,332","187,351,911","204,710,325","197,662,062","189,114,391","203,589,279","196,713,982","214,166,202","216,020,551","222,979,092","217,189,315","217,257,886","238,210,399","256,947,720","220,486,330","217,478,319","215,110,178","208,111,028","185,035,116","176,955,288","180,696,342","178,097,037","184,126,984","169,722,685","173,677,502","170,332,694","175,161,748","184,568,835","186,031,846","177,315,754","181,845,506","183,513,394","181,238,220","178,914,933","164,049,890","161,044,295","163,018,868","165,038,931","149,961,744","158,018,521","160,992,908","263,019,603","112,967,822","146,031,746","162,974,245",,,"174,031,642",,,,,,"354,243,654","183,917,304","188,018,816","198,062,284","198,056,066","229,989,328","202,025,381","203,976,343","243,006,601","229,953,860","208,033,573",,"248,051,215","187,033,265","191,960,717","205,998,147","361,433,602","222,055,254","214,942,395","227,044,099",,,,,,,,,,,,,,,,,,
		DepreciationAndAmortizationInIncomeStatement,,,,,,,,,,,,,,,,,,,,,,,,,,,,,,,,,,,,,,,,,"192,000,000","182,000,000","197,000,000","194,000,000","193,000,000","197,000,000",,,"184,221,800","181,051,332","187,351,911","204,710,325","197,662,062","189,114,391","203,589,279","196,713,982","214,166,202","216,020,551","222,979,092","217,189,315","217,257,886","238,210,399","256,947,720","220,486,330","217,478,319","215,110,178","208,111,028","185,035,116","176,955,288","180,696,342","178,097,037","184,126,984","169,722,685","173,677,502","170,332,694","175,161,748","184,568,835","186,031,846","177,315,754","181,845,506","183,513,394","181,238,220","178,914,933","164,049,890","161,044,295","163,018,868","165,038,931","149,961,744","158,018,521","160,992,908","263,019,603","112,967,822","146,031,746","162,974,245",,,"174,031,642",,,,,,"354,243,654","183,917,304","188,018,816","198,062,284","198,056,066","229,989,328","202,025,381","203,976,343","243,006,601","229,953,860","208,033,573",,"248,051,215","187,033,265","191,960,717","205,998,147","361,433,602","222,055,254","214,942,395","227,044,099",,,,,,,,,,,,,,,,,,
	OtherTaxes,,,"465,000,000","486,000,000","463,000,000","394,000,000","426,000,000","432,000,000","412,000,000","397,000,000","420,000,000","438,000,000","421,000,000","394,000,000","413,000,000","434,000,000","415,000,000","388,000,000","388,000,000","416,000,000","387,000,000","377,000,000","397,000,000","412,000,000","383,000,000","370,000,000","382,000,000","385,000,000","330,000,000","326,000,000","327,000,000","355,000,000","340,000,000","316,000,000","335,000,000","345,000,000","325,000,000","315,000,000","345,000,000","345,000,000","322,000,000","304,000,000","317,000,000","331,000,000","314,000,000","306,000,000",,"341,000,000",,,,,,,,,,,,,,,,,,,,,,,,,,,,,,,,,,,,,,,,,,,,,,,,,,,,,,,,,,,,,,,,,,,,,,,,,,,,,,,,,,,,,,,,,,,,
	OtherOperatingExpenses,"15,000,000","1,000,000","5,000,000","4,000,000","5,000,000","33,000,000","6,000,000","4,000,000","1,000,000","8,000,000","154,000,000","7,000,000",,"22,000,000","19,000,000","16,000,000","42,000,000","17,000,000","21,000,000","19,000,000","16,000,000","17,000,000","15,000,000","14,000,000","17,000,000","21,000,000","49,000,000","30,000,000","21,000,000","23,000,000","16,000,000","21,000,000","18,000,000","28,000,000",,"17,000,000","22,000,000","37,000,000",,"54,000,000",,,,,,,,,"333,838,400",,"335,104,651","342,840,108","324,123,272",,"319,954,228","336,425,618","314,556,609","302,428,772",,,"1",,"317,297,584","327,579,690",,"304,302,204","311,998,389","328,200,973","312,035,662","302,629,646","306,911,282","326,984,127","307,622,367","289,993,626","291,127,637","312,450,687","296,520,424","279,047,769","292,047,993","317,102,495","300,429,184","282,731,622","301,947,233","319,002,201","294,954,532","272,000,000","707,918,187","323,947,973","300,014,700","272,056,737","293,000,198","312,940,202","289,993,099","261,008,031",,,"283,960,720",,,,,,"468,245,594","282,051,282","257,055,893","226,989,619","151,922,877","306,963,714",,"248,018,120","277,066,616","307,020,825","284,052,758",,"265,978,508","280,040,733","269,955,464",,"701,210,981","479,944,515","450,948,446","407,065,154",,,,,,,,,,,,,,,,,,
OperatingIncome,"1,506,000,000","-232,000,000","422,000,000","561,000,000","755,000,000","445,000,000","1,103,000,000","1,048,000,000","289,000,000","713,000,000","-209,000,000","490,000,000","-156,000,000","236,000,000","316,000,000","327,000,000","-257,000,000","-182,000,000","122,000,000","605,000,000","572,000,000","531,000,000","832,000,000","1,227,000,000","998,000,000","1,233,000,000","1,277,000,000","839,000,000","370,000,000","1,055,000,000","1,398,000,000","1,369,000,000","777,000,000","1,313,000,000","1,325,000,000","1,105,000,000","947,000,000","1,032,000,000","910,000,000","548,000,000","682,000,000","652,000,000","747,000,000","759,000,000","295,000,000","404,000,000","1,391,405,051","1,884,000,000","1,611,177,400","961,835,202","1,058,680,397","1,200,437,245","1,031,880,978","1,126,614,391","915,243,760","1,232,815,469","1,086,447,295","896,777,207","591,541,652","1,291,521,487","821,161,163","590,084,643","776,777,217","830,288,522","1,018,012,008","721,406,086","408,335,110","575,364,668","559,232,744","733,068,900","684,473,222","612,698,413","337,929,990","172,084,130","290,725,718","452,895,692","597,579,425","674,759,578","731,653,489","556,056,508","497,262,099","472,669,277","419,136,538","388,994,864","199,911,998","131,924,528","136,935,554","229,992,349","217,110,098","200,992,909","128,996,317","382,129,540","353,899,240","370,949,876","-6,580,936,765","2,626,957,114","243,998,909","2,392,959,087","-8,549,014,521","3,199,624,363","3,410,182,517","3,115,992,724","469,041,126","329,037,455","29,883,786","234,048,443","273,041,146","189,034,151","235,995,385","194,035,485","48,969,712","180,072,328","157,913,669","2,100,011,892","147,075,653","143,923,965","-21,011,762","201,945,345","679,267,457","429,083,343","156,057,256","246,929,465","-6,294,062,173","2,668,000,942","2,688,045,950","1,979,010,137","-4,525,844,729","1,766,946,574","1,860,036,386","1,715,009,265","-4,631,935,071","2,074,011,003","2,007,984,032","1,635,011,740","-4,230,061,312","1,695,030,539","1,846,036,585","1,860,994,691","-4,739,087,163","2,139,991,757"
NetNonOperatingInterestIncomeExpense,"-84,000,000","-19,000,000","-22,000,000","-20,000,000","-23,000,000","-28,000,000","-29,000,000","-30,000,000","-26,000,000","-23,000,000","-29,000,000","-18,000,000","-17,000,000","-14,000,000","-13,000,000","-19,000,000","-18,000,000","-15,000,000","-19,000,000","-12,000,000","-5,000,000","-3,000,000","-1,000,000","1,000,000","-2,000,000","-2,000,000","-10,000,000","1,000,000","-2,000,000","0","0","1,000,000","0",,"-2,000,000","0","-1,000,000","0","-3,000,000","-3,000,000","0","-1,000,000","-2,000,000","0","-1,000,000","-2,000,000",,"-1,000,000",,,,,,,,,,,,,,,,,,,,,,,,,,,,,,,,,,,,,,,,,,,,,,,,,,,,,,,,,,,,,,,,,,,,,,,,,,,,,,,,,,,,,,,,,,,,
	InterestIncomeNonOperating,,,,,,,,,,,,,,,,,,,,"-2,000,000",,,"-1,000,000",,,,,,,,,"1,000,000",,,,,,,,,,,,,,,,,,,,,,,,,,,,,,,,,,,,,,,,,,,,,,,,,,,,,,,,,,,,,,,,,,,,,,,,,,,,,,,,,,,,,,,,,,,,,,,,,,,,,,,,,,,,
	InterestExpenseNonOperating,"84,000,000","19,000,000","22,000,000","20,000,000","23,000,000","28,000,000","29,000,000","30,000,000","26,000,000","23,000,000","29,000,000","18,000,000","17,000,000","14,000,000","13,000,000","19,000,000","18,000,000","15,000,000","24,000,000","10,000,000","5,000,000","3,000,000","0","1,000,000","2,000,000","2,000,000","11,000,000","1,000,000","2,000,000","0","1,000,000","0","0",,"2,000,000","0","1,000,000","0","3,000,000","3,000,000","0","1,000,000","2,000,000","0","1,000,000","2,000,000",,"1,000,000",,,,,,,,,,,,,,,,,,,,,,,,,,,,,,,,,,,,,,,,,,,,,,,,,,,,,,,,,,,,,,,,,,,,,,,,,,,,,,,,,,,,,,,,,,,,
OtherIncomeExpense,"-29,000,000","-4,000,000","-35,000,000","13,000,000","-3,000,000","-19,000,000","12,000,000","8,000,000","1,000,000","7,000,000","29,000,000","24,000,000","48,000,000","198,000,000","1,360,000,000","874,000,000","23,000,000","48,000,000","26,000,000","44,000,000","29,000,000","33,000,000","39,000,000","17,000,000","650,000,000","29,000,000","111,000,000","17,000,000","64,000,000","15,000,000","16,000,000","17,000,000","63,000,000","39,000,000",,"27,000,000","13,000,000","19,000,000",,"23,000,000",,,,,,,"-281,243,322","74,000,000","245,289,800","31,889,723","43,501,292","124,217,430","40,382,572","167,204,797","127,725,471","39,119,258","83,658,673","31,527,324","279,279,024","27,874,564","92,058,426","18,137,848","-29,039,129","42,837,344","26,684,456","10,493,179","155,672,195","24,311,183","37,822,504","92,551,785","52,659,742","76,190,476","16,669,192","7,966,858","24,471,832","15,780,338","28,744,327","25,224,657","73,169,766","105,199,880","28,118,988","17,398,869","26,906,728","29,933,969","13,933,705","17,962,264","31,021,814","54,016,832","17,051,301","40,992,908","418,921,717","11,048,198","12,008,282","10,938,798",,,"38,052,373",,,,,,"-154,666,639","22,956,101","25,041,505","-27,958,478","-78,965,917","14,007,471","-77,041,405","-5,033,346","106,047,613","-37,037,037","2,997,602",,"-44,048,634","17,990,496",,"56,970,820","-539,105,563","15,951,913","252,996,625","109,954,381",,,,,,,,,,,,,,,,,,
	GainOnSaleOfSecurity,"108,000,000","26,000,000","0","49,000,000","33,000,000","17,000,000","39,000,000","35,000,000","27,000,000","34,000,000","29,000,000","24,000,000","48,000,000","198,000,000","1,360,000,000","874,000,000","23,000,000","48,000,000","26,000,000","44,000,000","29,000,000","33,000,000","39,000,000","17,000,000","650,000,000","29,000,000","111,000,000","17,000,000","64,000,000","15,000,000","16,000,000","17,000,000","63,000,000","39,000,000",,"27,000,000","13,000,000","19,000,000",,"23,000,000",,,,,,,,"74,000,000",,,,,,,,,,,,,,,,,,,,,,,,,,,,,,,,,,,,,,,,,,,,,,,,,,,,,,,,,,,,,,,,,,,,,,,,,,,,,,,,,,,,,,,,,,,,
	SpecialIncomeCharges,,,,,,,,,,,,,,,,,,,,,,,,,,,,,,,,,,,,,,,,,,,,,,,,,"245,289,800","31,889,723","43,501,292","124,217,430","40,382,572","167,204,797","127,725,471","39,119,258","83,658,673","31,527,324","279,279,024","27,874,564","92,058,426","18,137,848","-29,039,129","42,837,344","26,684,456","10,493,179","155,672,195","24,311,183","37,822,504","92,551,785","52,659,742","76,190,476","16,669,192","7,966,858","24,471,832","15,780,338","28,744,327","25,224,657","73,169,766","105,199,880","28,118,988","17,398,869","26,906,728","29,933,969","13,933,705","17,962,264","31,021,814","54,016,832","17,051,301","40,992,908","418,921,717","11,048,198","12,008,282","10,938,798",,,"38,052,373",,,,,,"-154,666,639","22,956,101","25,041,505","-27,958,478","-78,965,917","14,007,471","-77,041,405","-5,033,346","106,047,613","-37,037,037","2,997,602",,"-44,048,634","17,990,496",,"56,970,820","-539,105,563","15,951,913","252,996,625","109,954,381",,,,,,,,,,,,,,,,,,
	OtherNonOperatingIncomeExpenses,"-137,000,000","-30,000,000","-35,000,000","-36,000,000","-36,000,000","-36,000,000","-27,000,000","-27,000,000","-26,000,000","-27,000,000",,,,,,,,,,,,,,,,,,,,,,,,,,,,,,,,,,,,,,,,,,,,,,,,,,,,,,,,,,,,,,,,,,,,,,,,,,,,,,,,,,,,,,,,,,,,,,,,,,,,,,,,,,,,,,,,,,,,,,,,,,,,,,,,,,
PretaxIncome,"1,393,000,000","-255,000,000","365,000,000","554,000,000","729,000,000","398,000,000","1,086,000,000","1,026,000,000","264,000,000","697,000,000","-209,000,000","496,000,000","-125,000,000","420,000,000","1,663,000,000","1,182,000,000","-252,000,000","-149,000,000","129,000,000","637,000,000","596,000,000","561,000,000","870,000,000","1,245,000,000","1,646,000,000","1,260,000,000","1,378,000,000","857,000,000","432,000,000","1,070,000,000","1,414,000,000","1,387,000,000","840,000,000","1,352,000,000","1,264,000,000","1,132,000,000","959,000,000","1,051,000,000","1,053,000,000","568,000,000","682,000,000","651,000,000","745,000,000","759,000,000","294,000,000","402,000,000","770,619,233","1,957,000,000","1,611,177,400","964,921,304","1,053,734,203","1,189,506,111","1,020,191,286","1,115,083,026","895,061,353","1,229,462,390","1,084,216,397","889,771,135","1,559,012,413","958,188,153","812,569,044","587,666,264","799,815,919","820,209,147","695,130,087","713,536,201","397,334,758","560,507,834","614,615,696","790,362,862","683,142,228","557,142,857","377,329,898","162,523,901","265,797,959","408,710,746","564,296,520","658,994,167","752,554,629","623,685,002","488,382,418","458,170,219","377,974,847","374,908,291","173,071,282","106,113,208","119,055,764","235,042,081","191,386,153","201,985,815","505,956,243","350,918,382","328,088,336","342,010,524",,,"222,995,090",,,,,,"305,962,982","300,979,997","17,017,155","167,058,823","125,007,135","168,089,648","121,907,448","153,013,716","116,942,889","105,000,624","120,983,213",,"39,063,334","108,056,121","-72,056,640","198,008,337","11,158,822","371,980,117","311,998,138","255,936,367",,,,,,,,,,,,,,,,,,
TaxProvision,"-326,000,000","-67,000,000","94,000,000","130,000,000","-483,000,000","105,000,000","233,000,000","277,000,000","68,000,000","181,000,000","-72,000,000","125,000,000","-48,000,000","87,000,000","219,000,000","179,000,000","-71,000,000","-48,000,000","27,000,000","158,000,000","476,000,000","140,000,000","199,000,000","309,000,000","414,000,000","314,000,000","322,000,000","210,000,000","105,000,000","272,000,000","338,000,000","347,000,000","205,000,000","337,000,000","259,000,000","273,000,000","233,000,000","270,000,000","254,000,000","150,000,000","165,000,000","175,000,000","211,000,000","212,000,000","85,000,000","113,000,000","110,523,069","568,000,000","442,743,000","283,921,407","168,225,708","373,646,030","308,182,784","341,328,413","100,942,112","407,957,975","246,514,222","298,925,736","542,914,465","305,458,769","273,720,388","194,679,565","249,806,952","280,962,580","241,494,330","204,616,999","142,602,155","185,035,116","101,310,280","252,681,064","230,023,832","212,698,413","72,738,294","57,361,377","75,098,029","149,913,208","149,773,071","277,471,228","259,600,469","249,474,001","202,752,701","188,487,748","157,939,195","165,957,447","77,002,053","49,056,604","-16,912,386","39,020,658","82,022,637","88,936,170","233,981,342","149,979,285","145,065,562","151,066,187",,,"108,019,640",,,,,,"129,140,596","129,950,329","21,997,786","75,017,301","71,003,044","84,044,824","53,967,440","80,030,200","65,934,489","58,984,911","62,949,640",,"5,027,454","32,020,819","-9,021,354","83,024,548","21,313,049","178,014,102","74,013,732","105,977,307",,,,,,,,,,,,,,,,,,
NetIncomeCommonStockholders,"1,719,000,000","-188,000,000","271,000,000","424,000,000","1,212,000,000","293,000,000","853,000,000","749,000,000","196,000,000","516,000,000","-137,000,000","371,000,000","-77,000,000","333,000,000","1,444,000,000","1,003,000,000","-181,000,000","-101,000,000","102,000,000","479,000,000","120,000,000","421,000,000","671,000,000","936,000,000","1,232,000,000","946,000,000","1,056,000,000","647,000,000","327,000,000","798,000,000","1,076,000,000","1,040,000,000","635,000,000","1,015,000,000","1,005,000,000","859,000,000","726,000,000","781,000,000","799,000,000","418,000,000","517,000,000","476,000,000","534,000,000","547,000,000","209,000,000","289,000,000","660,096,163","1,389,000,000","1,168,434,400","680,999,897","885,508,495","815,860,081","712,008,502","773,754,613","794,119,242","821,504,415","836,586,726","590,845,399","1,016,097,948","651,567,944","538,848,656","392,986,699","550,008,966","539,246,567","453,635,757","508,919,203","254,732,603","375,472,717","514,656,220","537,681,798","454,705,697","344,444,444","306,106,986","106,755,895","187,530,047","258,797,538","414,523,449","381,522,939","492,954,160","374,211,001","285,629,717","269,682,471","220,035,652","208,950,844","96,069,229","57,056,604","135,968,150","196,021,423","109,363,516","113,049,645","271,974,901","200,939,097","183,022,774","190,944,337","197,920,366","98,978,897","114,975,450","374,065,516","-50,753,246","185,135,498","214,079,868","177,696,936","176,822,386","171,029,668","-4,980,631","92,041,522","54,004,091","84,044,824","67,940,008","72,983,516","51,008,400","46,015,713","58,033,573","39,957,189","34,035,880","76,035,302","-63,035,286","114,983,789","-10,154,227","193,966,015","237,984,406","149,959,060",,,,,,,,,,,,,,,,,,
	NetIncome,"1,719,000,000","-188,000,000","271,000,000","424,000,000","1,212,000,000","293,000,000","853,000,000","749,000,000","196,000,000","516,000,000","-137,000,000","371,000,000","-77,000,000","333,000,000","1,444,000,000","1,003,000,000","-181,000,000","-101,000,000","102,000,000","479,000,000","120,000,000","421,000,000","671,000,000","936,000,000","1,232,000,000","946,000,000","1,056,000,000","647,000,000","327,000,000","798,000,000","1,076,000,000","1,040,000,000","635,000,000","1,015,000,000","1,005,000,000","859,000,000","726,000,000","781,000,000","799,000,000","418,000,000","517,000,000","476,000,000","534,000,000","547,000,000","209,000,000","289,000,000","660,096,163","1,389,000,000","1,168,434,400","680,999,897","885,508,495","815,860,081","712,008,502","773,754,613","794,119,242","821,504,415","836,586,726","590,845,399","1,016,097,948","651,567,944","538,848,656","392,986,699","550,008,966","539,246,567","453,635,757","508,919,203","254,732,603","375,472,717","514,656,220","537,681,798","454,705,697","344,444,444","306,106,986","106,755,895","187,530,047","258,797,538","414,523,449","381,522,939","492,954,160","374,211,001","285,629,717","269,682,471","220,035,652","208,950,844","96,069,229","57,056,604","135,968,150","196,021,423","109,363,516","113,049,645","271,974,901","200,939,097","183,022,774","190,944,337","197,920,366","98,978,897","114,975,450","374,065,516","-50,753,246","185,135,498","214,079,868","177,696,936","176,822,386","171,029,668","-4,980,631","92,041,522","54,004,091","84,044,824","67,940,008","72,983,516","51,008,400","46,015,713","58,033,573","39,957,189","34,035,880","76,035,302","-63,035,286","114,983,789","-10,154,227","193,966,015","237,984,406","149,959,060",,,,,,,,,,,,,,,,,,
		NetIncomeIncludingNoncontrollingInterests,"1,719,000,000","-188,000,000","271,000,000","424,000,000","1,212,000,000","293,000,000","853,000,000","749,000,000","196,000,000","516,000,000","-137,000,000","371,000,000","-77,000,000","333,000,000","1,444,000,000","1,003,000,000","-181,000,000","-101,000,000","102,000,000","479,000,000","120,000,000","421,000,000","671,000,000","936,000,000","1,232,000,000","946,000,000","1,056,000,000","647,000,000","327,000,000","798,000,000","1,076,000,000","1,040,000,000","635,000,000","1,015,000,000","1,005,000,000","859,000,000","726,000,000","781,000,000","799,000,000","418,000,000","517,000,000","476,000,000","534,000,000","547,000,000","209,000,000","289,000,000","660,096,163","1,389,000,000","1,168,434,400","680,999,897","885,508,495","815,860,081","712,008,502","773,754,613","794,119,242","821,504,415","836,586,726","590,845,399","1,016,097,948","651,567,944","538,848,656","392,986,699","550,008,966","539,246,567","453,635,757","508,919,203","254,732,603","375,472,717","514,656,220","537,681,798","454,705,697","344,444,444","306,106,986","106,755,895","187,530,047","258,797,538","414,523,449","381,522,939","492,954,160","374,211,001","285,629,717","269,682,471","220,035,652","208,950,844","96,069,229","57,056,604","135,968,150","196,021,423","109,363,516","113,049,645","271,974,901","200,939,097","183,022,774","190,944,337","197,920,366","98,978,897","114,975,450","374,065,516","-50,753,246","185,135,498","214,079,868","177,696,936","176,822,386","171,029,668","-4,980,631","92,041,522","54,004,091","84,044,824","67,940,008","72,983,516","51,008,400","46,015,713","58,033,573","39,957,189","34,035,880","76,035,302","-63,035,286","114,983,789","-10,154,227","193,966,015","237,984,406","149,959,060","87,084,626","111,961,385","143,951,179","113,059,034","72,939,335","129,974,443","167,980,594","129,956,763","148,064,054","217,972,229","192,947,438","157,057,135","147,934,509","102,998,334","92,987,805","95,976,530","250,060,466","151,943,948"
			NetIncomeContinuousOperations,"1,719,000,000","-188,000,000","271,000,000","424,000,000","1,212,000,000","293,000,000","853,000,000","749,000,000","196,000,000","516,000,000","-137,000,000","371,000,000","-77,000,000","333,000,000","1,444,000,000","1,003,000,000","-181,000,000","-101,000,000","102,000,000","479,000,000","120,000,000","421,000,000","671,000,000","936,000,000","1,232,000,000","946,000,000","1,056,000,000","647,000,000","327,000,000","798,000,000","1,076,000,000","1,040,000,000","635,000,000","1,015,000,000","1,005,000,000","859,000,000","726,000,000","781,000,000","799,000,000","418,000,000","517,000,000","476,000,000","534,000,000","547,000,000","209,000,000","289,000,000","660,096,163","1,389,000,000","1,168,434,400","680,999,897","885,508,495","815,860,081","712,008,502","773,754,613","794,119,242","821,504,415","836,586,726","590,845,399","1,016,097,948","651,567,944","538,848,656","392,986,699","550,008,966","539,246,567","453,635,757","508,919,203","254,732,603","375,472,717","514,656,220","537,681,798","454,705,697","344,444,444","306,106,986","106,755,895","187,530,047","258,797,538","414,523,449","381,522,939","492,954,160","374,211,001","285,629,717","269,682,471","220,035,652","208,950,844","96,069,229","57,056,604","135,968,150","196,021,423","109,363,516","113,049,645","271,974,901","200,939,097","183,022,774","190,944,337","197,920,366","98,978,897","114,975,450","374,065,516","-50,753,246","185,135,498","214,079,868","177,696,936","176,822,386","171,029,668","-4,980,631","92,041,522","54,004,091","84,044,824","67,940,008","72,983,516","51,008,400","46,015,713","58,033,573","39,957,189","34,035,880","76,035,302","-63,035,286","114,983,789","-10,154,227","193,966,015","237,984,406","149,959,060","87,084,626","111,961,385","143,951,179","113,059,034","72,939,335","129,974,443","167,980,594","129,956,763","148,064,054","217,972,229","192,947,438","157,057,135","147,934,509","102,998,334","92,987,805","95,976,530","250,060,466","151,943,948"
DilutedNIAvailtoComStockholders,"1,719,000,000","-188,000,000","271,000,000","424,000,000","1,212,000,000","293,000,000","853,000,000","749,000,000","196,000,000","516,000,000","-137,000,000","371,000,000","-77,000,000","333,000,000","1,444,000,000","1,003,000,000","-181,000,000","-101,000,000","102,000,000","479,000,000","120,000,000","421,000,000","671,000,000","936,000,000","1,232,000,000","946,000,000","1,056,000,000","647,000,000","327,000,000","798,000,000","1,076,000,000","1,040,000,000","635,000,000","1,015,000,000","1,005,000,000","859,000,000","726,000,000","781,000,000","799,000,000","418,000,000","517,000,000","476,000,000","534,000,000","547,000,000","209,000,000","289,000,000","660,096,163","1,389,000,000","1,168,434,400","680,999,897","885,508,495","815,860,081","712,008,502","773,754,613","794,119,242","821,504,415","836,586,726","590,845,399","1,016,097,948","651,567,944","538,848,656","392,986,699","550,008,966","539,246,567","453,635,757","508,919,203","254,732,603","375,472,717","514,656,220","537,681,798","454,705,697","344,444,444","306,106,986","106,755,895","187,530,047","258,797,538","414,523,449","381,522,939","492,954,160","374,211,001","285,629,717","269,682,471","220,035,652","208,950,844","96,069,229","57,056,604","135,968,150","196,021,423","109,363,516","113,049,645","271,974,901","200,939,097","183,022,774","190,944,337","197,920,366","98,978,897","114,975,450","374,065,516","-50,753,246","185,135,498","214,079,868","177,696,936","176,822,386","171,029,668","-4,980,631","92,041,522","54,004,091","84,044,824","67,940,008","72,983,516","51,008,400","46,015,713","58,033,573","39,957,189","34,035,880","76,035,302","-63,035,286","114,983,789","-10,154,227","193,966,015","237,984,406","149,959,060",,,,,,,,,,,,,,,,,,
BasicEPS,,"-0.25",,"0.56","1.58","0.38",,"0.94","0.24","0.62",,"0.44","-0.09","0.39",,"1.18","-0.21","-0.12",,"0.56","0.14","0.5",,"1.1","1.45","1.12",,"0.76","0.39","0.94",,"1.22","0.75","1.2",,"1.01","0.86","0.92",,"0.49","0.61","0.56",,"0.64","0.25","0.34",,"1.57","2.057","0.76",,"0.88","0.76","0.82",,"0.84","0.85","0.597",,"0.64","0.52","0.377",,"0.507","0.42","0.47",,"-0.249","0.46","0.473",,"0.303","0.27","-0.059",,"0.22","0.347","0.319",,"0.301","0.222","0.208",,"0.161","0.074","0.045",,"0.152","0.083","0.085",,"0.147","0.129","0.133",,"0.064","0.068","0.222",,"0.108","0.124","0.103",,"0.098","-0.003","0.074",,"0.049","0.051","0.042",,"0.025","0.032","0.024",,"0.049","0.004","0.112",,"0.111","0.14","0.09",,"0.067","0.092","0.076",,"0.089","0.113","0.09",,"0.148","0.128","0.109",,"0.069","0.065","0.065",,"0.105"
DilutedEPS,,"-0.25",,"0.56","1.57","0.38",,"0.94","0.24","0.62",,"0.44","-0.09","0.39",,"1.18","-0.21","-0.12",,"0.56","0.14","0.5",,"1.1","1.45","1.11",,"0.76","0.38","0.94",,"1.22","0.75","1.19",,"1.01","0.85","0.91",,"0.49","0.6","0.56",,"0.64","0.25","0.33",,"1.57","2.037","0.75",,"0.88","0.76","0.81",,"0.84","0.85","0.593",,"0.637","0.52","0.373",,"0.507","0.42","0.467",,"-0.249","0.46","0.473",,"0.303","0.27","-0.059",,"0.22","0.347","0.319",,"0.301","0.222","0.208",,"0.161","0.074","0.045",,"0.152","0.083","0.085",,"0.147","0.129","0.133",,"0.064","0.068","0.222",,"0.108","0.124","0.103",,"0.098","-0.003","0.074",,"0.049","0.051","0.042",,"0.025","0.032","0.024",,"0.049","0.004","0.112",,"0.111","0.14","0.09",,"0.067","0.092","0.076",,"0.089","0.113","0.09",,"0.148","0.128","0.109",,"0.069","0.065","0.065",,"0.105"
BasicAverageShares,,"738,900,000",,"757,800,000","767,400,000","777,500,000",,"797,600,000","816,100,000","829,000,000",,"841,800,000","847,000,000","847,600,000",,"847,600,000","847,600,000","847,600,000",,"847,600,000","847,600,000","847,600,000",,"847,600,000","847,600,000","847,600,000",,"847,600,000","847,600,000","847,600,000",,"847,600,000","848,000,000","847,800,000",,"847,600,000","847,700,000","847,800,000",,"847,600,000","847,600,000","847,600,000",,"847,600,000","847,800,000","856,000,000",,"877,300,000","893,900,000","896,052,496",,"927,113,728","936,853,292","943,603,187",,"977,981,446","984,219,678","990,243,685",,"1,018,074,912","1,036,247,415","1,043,327,519",,"1,064,302,435","1,080,085,136","1,082,806,815",,"1,127,438,683","1,118,817,870","1,135,947,461",,"1,135,531,134","1,133,729,578","1,136,589,000",,"1,179,780,781","1,195,309,309","1,195,986,111",,"1,228,180,180","1,254,006,006","1,282,987,988",,"1,293,973,520","1,299,462,045","1,258,416,498",,"1,285,639,293","1,313,675,868","1,326,251,115",,"1,363,685,762","1,422,862,272","1,431,366,844",,"1,558,477,358","1,685,609,881","1,682,630,183",,"1,719,790,971","1,733,019,250","1,729,074,010",,"1,740,405,699","1,249,545,506","1,249,545,506",,"1,717,654,282","1,325,400,078","1,743,931,087",,"1,845,796,751","1,820,946,752","1,680,285,492",,"1,553,960,801","1,741,219,219","1,729,243,243",,"1,740,073,697","1,702,685,884","1,674,023,889",,"1,699,987,988","1,521,522,523","1,476,279,279",,"1,476,153,153","1,476,018,018","1,476,018,018",,"1,475,915,916","1,475,843,844","1,475,663,664",,"1,475,474,474","1,475,474,474","1,471,570,571",,"1,461,075,075"
DilutedAverageShares,,"740,900,000",,"760,300,000","769,900,000","779,800,000",,"800,500,000","818,800,000","831,500,000",,"844,900,000","849,900,000","850,300,000",,"850,800,000","850,600,000","850,400,000",,"850,900,000","850,700,000","850,500,000",,"850,900,000","850,700,000","850,500,000",,"851,000,000","850,800,000","850,600,000",,"851,400,000","851,600,000","852,500,000",,"853,800,000","854,000,000","854,100,000",,"854,700,000","854,500,000","854,200,000",,"854,900,000","854,900,000","875,757,576",,"883,800,000","893,900,000","907,999,863",,"927,113,728","936,853,292","955,252,609",,"977,981,446","984,219,678","995,806,852",,"1,023,405,148","1,036,247,415","1,052,642,944",,"1,064,302,435","1,080,085,136","1,090,541,149",,"1,127,438,683","1,118,817,870","1,135,947,461",,"1,135,531,134","1,133,729,578","1,136,589,000",,"1,179,780,781","1,195,309,309","1,195,986,111",,"1,228,180,180","1,254,006,006","1,282,987,988",,"1,293,973,520","1,299,462,045","1,258,416,498",,"1,285,639,293","1,313,675,868","1,326,251,115",,"1,363,685,762","1,422,862,272","1,431,366,844",,"1,558,477,358","1,685,609,881","1,682,630,183",,"1,719,790,971","1,733,019,250","1,729,074,010",,"1,740,405,699","1,249,545,506","1,249,545,506",,"1,717,654,282","1,325,400,078","1,743,931,087",,"1,845,796,751","1,820,946,752","1,680,285,492",,"1,553,960,801","1,741,219,219","1,729,243,243",,"1,740,073,697","1,702,685,884","1,674,023,889",,"1,699,987,988","1,521,522,523","1,476,279,279",,"1,476,153,153","1,476,018,018","1,476,018,018",,"1,475,915,916","1,475,843,844","1,475,663,664",,"1,475,474,474","1,475,474,474","1,471,570,571",,"1,461,075,075"
TotalExpenses,"29,330,000,000","6,445,000,000","7,235,000,000","7,640,000,000","8,010,000,000","7,126,000,000","6,322,000,000","8,217,000,000","8,815,000,000","6,790,000,000","7,837,000,000","6,206,000,000","6,720,000,000","6,328,000,000","6,353,000,000","5,807,000,000","6,067,000,000","4,968,000,000","5,693,000,000","6,090,000,000","6,313,000,000","5,262,000,000","6,765,000,000","8,002,000,000","8,018,000,000","7,594,000,000","6,593,000,000","7,353,000,000","7,194,000,000","6,618,000,000","5,052,000,000","6,950,000,000","6,675,000,000","6,181,000,000","6,858,000,000","6,813,000,000","6,814,000,000","5,820,000,000","5,880,000,000","5,280,000,000","5,457,000,000","5,514,000,000","5,117,000,000","4,802,000,000","5,008,000,000","4,266,000,000","5,170,031,083","7,557,000,000","7,405,512,800","6,300,792,100","5,681,589,836","5,230,050,681","5,307,120,085","4,807,426,199","4,715,474,456","5,418,576,059","5,601,784,718","4,921,765,530","7,150,659,417","6,419,279,907","5,981,342,826","5,060,459,492","5,335,539,543","4,984,250,977","4,448,298,866","4,345,487,933","4,185,723,075","4,050,513,236","3,951,100,905","4,745,115,322","4,144,062,233","3,919,047,619","3,856,644,946","3,312,619,503","3,239,090,906","3,727,315,765","4,214,826,021","4,021,756,266","4,358,578,239","3,931,469,792","3,704,306,645","3,576,917,500","2,717,896,465","2,374,027,880","2,205,045,468","1,822,037,736","2,076,094,428","2,059,984,698","2,084,962,517","1,996,028,368","2,603,027,731","2,285,872,117","2,248,033,127","2,296,039,878",,,"2,320,921,986",,,,,,"3,847,466,293","1,988,991,811","2,176,120,641","1,862,006,920","2,012,928,439","2,028,014,942","2,009,998,718","1,985,025,796","2,205,999,561","2,137,922,434","2,159,112,710",,"1,980,003,545","2,174,021,271","2,356,971,566","2,197,081,982","4,186,372,438","2,406,889,377","2,537,996,043","2,379,108,668",,,,,,,,,,,,,,,,,,
NetIncomeFromContinuingAndDiscontinuedOperation,"1,719,000,000","-188,000,000","271,000,000","424,000,000","1,212,000,000","293,000,000","853,000,000","749,000,000","196,000,000","516,000,000","-137,000,000","371,000,000","-77,000,000","333,000,000","1,444,000,000","1,003,000,000","-181,000,000","-101,000,000","102,000,000","479,000,000","120,000,000","421,000,000","671,000,000","936,000,000","1,232,000,000","946,000,000","1,056,000,000","647,000,000","327,000,000","798,000,000","1,076,000,000","1,040,000,000","635,000,000","1,015,000,000","1,005,000,000","859,000,000","726,000,000","781,000,000","799,000,000","418,000,000","517,000,000","476,000,000","534,000,000","547,000,000","209,000,000","289,000,000","660,096,163","1,389,000,000","1,168,434,400","680,999,897","885,508,495","815,860,081","712,008,502","773,754,613","794,119,242","821,504,415","836,586,726","590,845,399","1,016,097,948","651,567,944","538,848,656","392,986,699","550,008,966","539,246,567","453,635,757","508,919,203","254,732,603","375,472,717","514,656,220","537,681,798","454,705,697","344,444,444","306,106,986","106,755,895","187,530,047","258,797,538","414,523,449","381,522,939","492,954,160","374,211,001","285,629,717","269,682,471","220,035,652","208,950,844","96,069,229","57,056,604","135,968,150","196,021,423","109,363,516","113,049,645","271,974,901","200,939,097","183,022,774","190,944,337","197,920,366","98,978,897","114,975,450","374,065,516","-50,753,246","185,135,498","214,079,868","177,696,936","176,822,386","171,029,668","-4,980,631","92,041,522","54,004,091","84,044,824","67,940,008","72,983,516","51,008,400","46,015,713","58,033,573","39,957,189","34,035,880","76,035,302","-63,035,286","114,983,789","-10,154,227","193,966,015","237,984,406","149,959,060",,,,,,,,,,,,,,,,,,
NormalizedIncome,"1,639,620,000","-207,168,627.451","271,000,000","386,498,194.946","1,187,745,000","280,484,924.623","822,367,403.315","723,449,317.739","175,954,545.455","490,829,268.293","-156,009,569.378","353,048,387.097","-106,568,000","176,014,285.714","263,098,015.634","261,357,021.997","-197,519,841.27","-133,536,912.752","81,441,860.465","445,913,657.771","98,685,000","396,235,294.118","640,920,689.655","923,219,277.108","745,487,241.798","924,226,984.127","970,937,590.711","634,165,694.282","278,555,555.556","786,813,084.112","1,063,824,611.033","1,027,253,064.167","587,375,000","985,721,153.846","1,005,000,000","838,511,484.099","716,158,498.436","766,881,065.652","799,000,000","401,073,943.662","517,000,000","476,000,000","534,000,000","547,000,000","209,000,000","289,000,000","660,096,163","1,336,477,772.1","990,548,935.439","658,493,504.004","848,952,062.173","730,661,659.937","683,824,831.946","657,731,429.095","680,798,234.734","795,365,638.068","771,949,212.194","569,909,931.895","834,075,764.7","632,579,453.136","477,800,847.829","380,857,479.664","569,978,287.646","511,083,151.881","436,221,716.63","501,435,097.392","154,930,653.514","359,187,153.436","483,068,194.708","474,719,059.542","419,777,248.939","297,340,930.396","292,651,132.235","101,600,869.244","169,972,437.954","248,805,354.865","393,408,313.349","366,388,144.8","445,024,961.048","311,091,073","268,758,324.2","259,243,149.6","203,891,615.2","190,990,462.6","87,709,006","46,279,245.6","117,355,061.6","150,972,229.13","99,132,735.4","88,453,900.2","20,621,870.8","194,310,178.2","175,817,804.8","184,381,058.2","197,920,366","98,978,897","92,144,026.2","374,065,516","-50,753,246","185,135,498","214,079,868","177,696,936","269,622,369.4","157,256,007.4","-20,005,534","108,816,608.8","101,383,641.2","75,640,341.4","114,164,851","76,003,523.6","-12,620,167.8","68,237,935.2","56,235,011.8","39,957,189","72,415,451.518","63,376,021.028","-63,035,286","80,801,297","313,309,110.8","184,394,867.2","45,004,884.05","83,986,431.4",,,,,,,,,,,,,,,,,,
InterestIncome,,,,,,,,,,,,,,,,,,,,"-2,000,000",,,"-1,000,000",,,,,,,,,"1,000,000",,,,,,,,,,,,,,,,,,,,,,,,,,,,,,,,,,,,,,,,,,,,,,,,,,,,,,,,,,,,,,,,,,,,,,,,,,,,,,,,,,,,,,,,,,,,,,,,,,,,,,,,,,,,
InterestExpense,"84,000,000","19,000,000","22,000,000","20,000,000","23,000,000","28,000,000","29,000,000","30,000,000","26,000,000","23,000,000","29,000,000","18,000,000","17,000,000","14,000,000","13,000,000","19,000,000","18,000,000","15,000,000","24,000,000","10,000,000","5,000,000","3,000,000","0","1,000,000","2,000,000","2,000,000","11,000,000","1,000,000","2,000,000","0","1,000,000","0","0",,"2,000,000","0","1,000,000","0","3,000,000","3,000,000","0","1,000,000","2,000,000","0","1,000,000","2,000,000",,"1,000,000",,,,,,,,,,,,,,,,,,,,,,,,,,,,,,,,,,,,,,,,,,,,,,,,,,,,,,,,,,,,,,,,,,,,,,,,,,,,,,,,,,,,,,,,,,,,
NetInterestIncome,"-84,000,000","-19,000,000","-22,000,000","-20,000,000","-23,000,000","-28,000,000","-29,000,000","-30,000,000","-26,000,000","-23,000,000","-29,000,000","-18,000,000","-17,000,000","-14,000,000","-13,000,000","-19,000,000","-18,000,000","-15,000,000","-19,000,000","-12,000,000","-5,000,000","-3,000,000","-1,000,000","1,000,000","-2,000,000","-2,000,000","-10,000,000","1,000,000","-2,000,000","0","0","1,000,000","0",,"-2,000,000","0","-1,000,000","0","-3,000,000","-3,000,000","0","-1,000,000","-2,000,000","0","-1,000,000","-2,000,000",,"-1,000,000",,,,,,,,,,,,,,,,,,,,,,,,,,,,,,,,,,,,,,,,,,,,,,,,,,,,,,,,,,,,,,,,,,,,,,,,,,,,,,,,,,,,,,,,,,,,
EBIT,"1,477,000,000","-236,000,000","387,000,000","574,000,000","752,000,000","426,000,000","1,115,000,000","1,056,000,000","290,000,000","720,000,000","-180,000,000","514,000,000","-108,000,000","434,000,000","1,676,000,000","1,201,000,000","-234,000,000","-134,000,000","153,000,000","647,000,000","601,000,000","564,000,000","870,000,000","1,246,000,000","1,648,000,000","1,262,000,000","1,389,000,000","858,000,000","434,000,000","1,070,000,000","1,415,000,000","1,387,000,000","840,000,000","1,313,000,000","1,266,000,000","1,132,000,000","960,000,000","1,051,000,000","1,056,000,000","571,000,000","682,000,000","652,000,000","747,000,000","759,000,000","295,000,000","404,000,000","767,405,051","1,958,000,000","1,611,177,400","961,835,202","1,058,680,397","1,200,437,245","1,031,880,978","1,126,614,391","915,243,760","1,232,815,469","1,086,447,295","896,777,207","591,541,652","1,291,521,487","821,161,163","590,084,643","776,777,217","830,288,522","1,018,012,008","721,406,086","408,335,110","575,364,668","559,232,744","733,068,900","684,473,222","612,698,413","337,929,990","172,084,130","290,725,718","452,895,692","597,579,425","674,759,578","731,653,489","556,056,508","497,262,099","472,669,277","419,136,538","388,994,864","199,911,998","131,924,528","136,935,554","229,992,349","217,110,098","200,992,909","128,996,317","382,129,540","353,899,240","370,949,876","-6,580,936,765","2,626,957,114","243,998,909","2,392,959,087","-8,549,014,521","3,199,624,363","3,410,182,517","3,115,992,724","469,041,126","329,037,455","29,883,786","234,048,443","273,041,146","189,034,151","235,995,385","194,035,485","48,969,712","180,072,328","157,913,669","2,100,011,892","147,075,653","143,923,965","-21,011,762","201,945,345","679,267,457","429,083,343","156,057,256","246,929,465","-6,294,062,173","2,668,000,942","2,688,045,950","1,979,010,137","-4,525,844,729","1,766,946,574","1,860,036,386","1,715,009,265","-4,631,935,071","2,074,011,003","2,007,984,032","1,635,011,740","-4,230,061,312","1,695,030,539","1,846,036,585","1,860,994,691","-4,739,087,163","2,139,991,757"
EBITDA,"3,138,000,000"
ReconciledCostOfRevenue,"28,462,000,000","6,278,000,000","6,996,000,000","7,419,000,000","7,769,000,000","6,880,000,000","6,099,000,000","7,989,000,000","8,541,000,000","6,588,000,000","7,416,000,000","5,980,000,000","6,519,000,000","6,100,000,000","6,017,000,000","5,516,000,000","5,758,000,000","4,681,000,000","5,358,000,000","5,804,000,000","6,025,000,000","4,981,000,000","6,500,000,000","7,734,000,000","7,705,000,000","7,298,000,000","6,259,000,000","7,032,000,000","6,921,000,000","6,341,000,000","6,339,000,000","6,100,000,000","5,892,000,000","5,363,000,000","6,060,000,000","6,010,000,000","6,024,000,000","4,959,000,000","5,065,000,000","4,423,000,000","4,678,000,000","4,778,000,000","4,319,000,000","4,056,000,000","4,230,000,000","3,433,000,000","188,085,964","6,853,000,000","6,554,548,192","5,824,503,652","4,793,239,280","4,384,088,741","4,400,591,544","4,332,333,948","3,798,948,551","4,608,502,284","4,797,169,463","4,065,857,076","5,350,281,392","5,707,414,869","5,106,259,988","4,476,420,798","4,439,196,131","4,138,978,378","3,926,918,050","3,516,526,758","3,262,507,052","3,229,383,658","2,659,421,183","3,421,477,890","3,659,053,914","3,409,142,800","3,380,223,948","2,848,948,375","2,777,630,575","3,239,515,924","3,733,686,913","3,556,676,651","3,889,214,492","3,432,874,762","3,219,568,841","3,112,947,658","2,237,034,299","1,890,979,900","1,749,114,497","1,387,018,868","1,203,137,310","1,572,993,754","1,626,963,803","1,562,978,723","2,047,007,930","1,859,931,478","1,811,973,555","1,872,057,602",,,"1,862,561,375",,,,,,"3,024,977,045","1,522,930,025","1,731,128,139","746,989,619","1,662,949,496","1,491,085,653","1,808,001,468","1,533,031,333","1,685,926,344","1,600,930,838","1,667,026,379",,"3,851,015,687","900,003,999","1,088,035,375","1,765,053,265","4,285,674,451","1,303,044,190","1,468,054,224","1,389,051,351",,,,,,,,,,,,,,,,,,
ReconciledDepreciation,"1,661,000,000","453,000,000","397,000,000","419,000,000","392,000,000","390,000,000","410,000,000","364,000,000","358,000,000","377,000,000","1,037,000,000","391,000,000","352,000,000","392,000,000","399,000,000","398,000,000","407,000,000","424,000,000","398,000,000","400,000,000","335,000,000","317,000,000","260,000,000","276,000,000","280,000,000","280,000,000","250,000,000","223,000,000","452,000,000","185,000,000","210,000,000","183,000,000","178,000,000","190,000,000","194,000,000","192,000,000","190,000,000","188,000,000","186,000,000","187,000,000","192,000,000","182,000,000","197,000,000","194,000,000","193,000,000","197,000,000","178,508,985","188,000,000","187,359,008","181,051,332","187,351,911","205,000,000","197,708,138","189,114,391","203,589,279","197,577,966","213,427,302","216,020,551","222,979,092","217,091,519","217,171,950","238,210,399","256,947,720","219,091,422","217,178,014","215,110,178","208,111,028","184,986,952","175,915,842","180,696,342","178,097,037","182,920,692","168,798,631","173,677,502","170,332,694","175,349,154","184,618,684","186,031,846","177,315,754","181,492,535","184,308,620","181,238,220","178,914,933","164,045,779","160,976,439","163,018,868","165,038,931","163,042,971","157,984,014","160,992,908","263,019,603","113,000,437","146,066,473","162,974,245","173,300,798","200,660,495","174,399,891","162,615,930","169,289,624","183,139,161","180,092,191","213,456,662","354,243,654","184,010,504","187,936,609","198,062,284","198,056,066","229,965,575","201,997,250","203,976,343","243,006,601","229,970,771","208,033,573",,"248,051,215","187,006,636","191,969,193","205,998,147","361,433,602","221,981,819","214,943,565","227,044,099",,,,,,,,,,,,,,,,,,
NetIncomeFromContinuingOperationNetMinorityInterest,"1,719,000,000","-188,000,000","271,000,000","424,000,000","1,212,000,000","293,000,000","853,000,000","749,000,000","196,000,000","516,000,000","-137,000,000","371,000,000","-77,000,000","333,000,000","1,444,000,000","1,003,000,000","-181,000,000","-101,000,000","102,000,000","479,000,000","120,000,000","421,000,000","671,000,000","936,000,000","1,232,000,000","946,000,000","1,056,000,000","647,000,000","327,000,000","798,000,000","1,076,000,000","1,040,000,000","635,000,000","1,015,000,000","1,005,000,000","859,000,000","726,000,000","781,000,000","799,000,000","418,000,000","517,000,000","476,000,000","534,000,000","547,000,000","209,000,000","289,000,000","660,096,163","1,389,000,000","1,168,434,400","680,999,897","885,508,495","815,860,081","712,008,502","773,754,613","794,119,242","821,504,415","836,586,726","590,845,399","1,016,097,948","651,567,944","538,848,656","392,986,699","550,008,966","539,246,567","453,635,757","508,919,203","254,732,603","375,472,717","514,656,220","537,681,798","454,705,697","344,444,444","306,106,986","106,755,895","187,530,047","258,797,538","414,523,449","381,522,939","492,954,160","374,211,001","285,629,717","269,682,471","220,035,652","208,950,844","96,069,229","57,056,604","135,968,150","196,021,423","109,363,516","113,049,645","271,974,901","200,939,097","183,022,774","190,944,337","197,920,366","98,978,897","114,975,450","374,065,516","-50,753,246","185,135,498","214,079,868","177,696,936","176,822,386","171,029,668","-4,980,631","92,041,522","54,004,091","84,044,824","67,940,008","72,983,516","51,008,400","46,015,713","58,033,573","39,957,189","34,035,880","76,035,302","-63,035,286","114,983,789","-10,154,227","193,966,015","237,984,406","149,959,060",,,,,,,,,,,,,,,,,,
TotalUnusualItemsExcludingGoodwill,"108,000,000","26,000,000","0","49,000,000","33,000,000","17,000,000","39,000,000","35,000,000","27,000,000","34,000,000","29,000,000","24,000,000","48,000,000","198,000,000","1,360,000,000","874,000,000","23,000,000","48,000,000","26,000,000","44,000,000","29,000,000","33,000,000","39,000,000","17,000,000","650,000,000","29,000,000","111,000,000","17,000,000","64,000,000","15,000,000","16,000,000","17,000,000","63,000,000","39,000,000",,"27,000,000","13,000,000","19,000,000",,"23,000,000",,,,,,,,"74,000,000","245,289,800","31,889,723","43,501,292","124,217,430","40,382,572","167,204,797","127,725,471","39,119,258","83,658,673","31,527,324","279,279,024","27,874,564","92,058,426","18,137,848","-29,039,129","42,837,344","26,684,456","10,493,179","155,672,195","24,311,183","37,822,504","92,551,785","52,659,742","76,190,476","16,669,192","7,966,858","24,471,832","15,780,338","28,744,327","25,224,657","73,169,766","105,199,880","28,118,988","17,398,869","26,906,728","29,933,969","13,933,705","17,962,264","31,021,814","54,016,832","17,051,301","40,992,908","418,921,717","11,048,198","12,008,282","10,938,798",,,"38,052,373",,,,,,"-154,666,639","22,956,101","25,041,505","-27,958,478","-78,965,917","14,007,471","-77,041,405","-5,033,346","106,047,613","-37,037,037","2,997,602",,"-44,048,634","17,990,496",,"56,970,820","-539,105,563","15,951,913","252,996,625","109,954,381",,,,,,,,,,,,,,,,,,
TotalUnusualItems,"108,000,000","26,000,000","0","49,000,000","33,000,000","17,000,000","39,000,000","35,000,000","27,000,000","34,000,000","29,000,000","24,000,000","48,000,000","198,000,000","1,360,000,000","874,000,000","23,000,000","48,000,000","26,000,000","44,000,000","29,000,000","33,000,000","39,000,000","17,000,000","650,000,000","29,000,000","111,000,000","17,000,000","64,000,000","15,000,000","16,000,000","17,000,000","63,000,000","39,000,000",,"27,000,000","13,000,000","19,000,000",,"23,000,000",,,,,,,,"74,000,000","245,289,800","31,889,723","43,501,292","124,217,430","40,382,572","167,204,797","127,725,471","39,119,258","83,658,673","31,527,324","279,279,024","27,874,564","92,058,426","18,137,848","-29,039,129","42,837,344","26,684,456","10,493,179","155,672,195","24,311,183","37,822,504","92,551,785","52,659,742","76,190,476","16,669,192","7,966,858","24,471,832","15,780,338","28,744,327","25,224,657","73,169,766","105,199,880","28,118,988","17,398,869","26,906,728","29,933,969","13,933,705","17,962,264","31,021,814","54,016,832","17,051,301","40,992,908","418,921,717","11,048,198","12,008,282","10,938,798",,,"38,052,373",,,,,,"-154,666,639","22,956,101","25,041,505","-27,958,478","-78,965,917","14,007,471","-77,041,405","-5,033,346","106,047,613","-37,037,037","2,997,602",,"-44,048,634","17,990,496",,"56,970,820","-539,105,563","15,951,913","252,996,625","109,954,381",,,,,,,,,,,,,,,,,,
NormalizedEBITDA,"3,030,000,000","191,000,000","784,000,000","944,000,000","1,111,000,000","799,000,000","1,486,000,000","1,385,000,000","621,000,000","1,063,000,000","828,000,000","881,000,000","196,000,000","628,000,000","715,000,000","725,000,000","150,000,000","242,000,000","525,000,000","1,003,000,000","907,000,000","848,000,000","1,091,000,000","1,505,000,000","1,278,000,000","1,513,000,000","1,528,000,000","1,064,000,000","822,000,000","1,240,000,000","1,609,000,000","1,553,000,000","955,000,000","1,464,000,000","1,460,000,000","1,297,000,000","1,137,000,000","1,220,000,000","1,242,000,000","735,000,000","874,000,000","834,000,000","944,000,000","953,000,000","488,000,000","601,000,000","945,914,036","2,072,000,000","1,553,246,608","1,110,996,811","1,202,531,016","1,281,219,815","1,189,206,544","1,148,523,985","991,107,568","1,391,274,177","1,216,954,824","1,081,270,434","535,241,720","1,480,836,238","946,360,623","810,157,194","1,062,764,066","1,007,937,508","1,208,805,871","926,023,085","460,773,943","736,088,601","698,365,528","821,213,457","809,910,517","720,634,921","490,983,483","337,794,774","436,586,580","612,464,508","753,453,782","835,566,767","835,799,477","632,702,134","653,451,731","636,508,628","571,144,743","523,110,785","347,022,588","276,981,132","270,952,671","339,018,488","358,077,318","320,992,909","-26,905,797","484,081,779","487,957,431","522,985,323","-6,407,635,967","2,827,617,609","380,346,427","2,555,575,017","-8,379,724,897","3,382,763,524","3,590,274,708","3,329,449,386","977,951,419","490,091,858","192,861,097","460,069,205","550,063,129","405,016,008","515,062,171","403,045,174","185,928,700","447,080,136","362,949,640","2,100,011,892","439,175,502","312,966,734","170,957,431","350,972,672","1,579,806,622","635,186,684","118,004,196","364,019,183","-6,294,062,173","2,668,000,942","2,688,045,950","1,979,010,137","-4,525,844,729","1,766,946,574","1,860,036,386","1,715,009,265","-4,631,935,071","2,074,011,003","2,007,984,032","1,635,011,740","-4,230,061,312","1,695,030,539","1,846,036,585","1,860,994,691","-4,739,087,163","2,139,991,757"
TaxRateForCalcs,"0.265","0.263","0.258","0.235","0.265","0.264","0.215","0.27","0.258","0.26","0.344","0.252","0.384","0.207","0.132","0.151","0.282","0.322","0.209","0.248","0.265","0.25","0.229","0.248","0.252","0.249","0.234","0.245","0.243","0.254","0.239","0.25","0.244","0.249","0.205","0.241","0.243","0.257","0.241","0.264","0.242","0.269","0.283","0.279","0.289","0.281","0.143","0.29","0.275","0.294","0.16","0.314","0.302","0.306","0.113","0.332","0.227","0.336","0.348","0.319","0.337","0.331","0.312","0.343","0.347","0.287","0.359","0.33","0.165","0.32","0.337","0.382","0.193","0.353","0.283","0.367","0.265","0.4","0.345","0.4","0.4","0.4","0.4","0.4","0.4","0.4","0.4","0.166","0.4","0.4","0.4","0.4","0.4","0.4","0.4","0.4","0.4","0.4","0.4","0.4","0.4","0.4","0.4","0.4","0.4","0.4","0.4","0.4","0.4","0.4","0.4","0.4","0.4","0.4","0.129","0.296","0.125","0.4","0.4","0.4","0.237","0.4",,,,,,,,,,,,,,,,,,
TaxEffectOfUnusualItems,"28,620,000","6,831,372.549","0","11,498,194.946","8,745,000","4,484,924.623","8,367,403.315","9,449,317.739","6,954,545.455","8,829,268.293","9,990,430.622","6,048,387.097","18,432,000","41,014,285.714","179,098,015.634","132,357,021.997","6,480,158.73","15,463,087.248","5,441,860.465","10,913,657.771","7,685,000","8,235,294.118","8,920,689.655","4,219,277.108","163,487,241.798","7,226,984.127","25,937,590.711","4,165,694.282","15,555,555.556","3,813,084.112","3,824,611.033","4,253,064.167","15,375,000","9,721,153.846","0","6,511,484.099","3,158,498.436","4,881,065.652","0","6,073,943.662","0","0","0","0","0","0","0","21,477,772.1","67,404,335.439","9,383,330.004","6,944,859.173","39,019,008.937","12,198,901.946","51,181,613.095","14,404,463.734","12,980,481.068","19,021,159.194","10,591,856.895","97,256,840.7","8,886,073.136","31,010,617.829","6,008,628.664","-9,069,807.354","14,673,928.881","9,270,415.63","3,009,073.392","55,870,245.514","8,025,619.436","6,234,478.708","29,589,046.542","17,731,293.939","29,086,962.396","3,213,338.235","2,811,832.244","6,914,222.954","5,788,154.865","7,629,191.349","10,089,862.8","25,240,567.048","42,079,952","11,247,595.2","6,959,547.6","10,762,691.2","11,973,587.6","5,573,482","7,184,905.6","12,408,725.6","8,967,638.13","6,820,520.4","16,397,163.2","167,568,686.8","4,419,279.2","4,803,312.8","4,375,519.2","0","0","15,220,949.2","0","0","0","0","0","-61,866,655.6","9,182,440.4","10,016,602","-11,183,391.2","-31,586,366.8","5,602,988.4","-30,816,562","-2,013,338.4","42,419,045.2","-14,814,814.8","1,199,040.8","0","-5,669,062.482","5,331,215.028","0","22,788,328","-215,642,225.2","6,380,765.2","60,017,103.05","43,981,752.4",,,,,,,,,,,,,,,,,,