name,ttm,12/31/2019,12/31/2018,12/31/2017,12/31/2016,12/31/2015,12/31/2014,12/31/2013,12/31/2012,12/31/2011,12/31/2010,12/31/2009,12/31/2008,12/31/2007,12/31/2006,12/31/2005,12/31/2004,12/31/2003,12/31/2002,12/31/2001,12/31/2000,12/31/1999,12/31/1998,12/31/1997,12/31/1996,12/31/1995,12/31/1994,12/31/1993,12/31/1992,12/31/1991,12/31/1990,12/31/1989,12/31/1988,12/31/1987,12/31/1986,12/31/1985
TotalRevenue,"519,428,000","502,747,000","383,241,000","338,408,000","310,240,000","287,137,000","263,602,000","246,830,000","234,808,000","219,779,000","210,409,000","187,532,000","145,546,000","128,234,000","129,299,000","132,993,000","126,171,000","123,567,000","123,388,000","111,869,000","88,565,000","76,621,000","72,200,000","65,000,000","57,600,000","55,400,000","53,000,000","47,500,000","51,000,000","52,600,000",,,,,,
	NetInterestIncome,"404,914,000","393,135,000","298,165,000","258,860,000","227,844,000","214,928,000","196,042,000","182,578,000","172,799,000","167,079,000","163,961,000","150,694,000","117,462,000","96,183,000","102,655,000","105,843,000","97,816,000","95,773,000","100,031,000","90,591,000","72,147,000","61,828,000","59,100,000","52,200,000","44,900,000","43,900,000","41,500,000","34,400,000","33,900,000","31,000,000",,,,,,
		InterestIncome,"462,851,000","447,014,000","323,701,000","277,194,000","246,637,000","235,545,000","216,459,000","205,914,000","196,192,000","195,751,000","202,724,000","202,689,000","176,388,000","159,738,000","167,693,000","155,661,000","134,613,000","128,306,000","140,825,000","145,069,000","127,566,000","112,006,000","108,700,000","93,800,000","77,300,000","73,000,000","68,600,000","61,100,000","65,900,000","80,900,000",,,,,,
			InterestIncomeFromLoansAndLease,"427,966,000","412,351,000","294,452,000","253,223,000","224,479,000","214,949,000","197,426,000","190,522,000","179,297,000","174,932,000","177,730,000","172,757,000","151,105,000","135,391,000","136,387,000","121,241,000","100,230,000","95,666,000","98,667,000","101,479,000","92,243,000","81,296,000","76,400,000","66,700,000","57,800,000","55,900,000","52,100,000","46,700,000","54,100,000","71,700,000",,,,,,
				InterestIncomeFromLoans,"427,966,000","412,351,000","294,452,000","253,223,000","224,479,000","214,949,000","197,426,000","190,522,000","179,297,000","174,932,000","177,730,000","172,757,000","151,105,000","135,391,000","136,387,000","121,241,000","100,230,000","95,666,000","98,667,000","101,479,000","92,243,000","81,296,000","76,400,000","66,700,000","57,800,000","55,900,000","52,100,000","46,700,000","54,100,000","71,700,000",,,,,,
			InterestIncomeFromSecurities,"32,944,000","32,456,000","26,573,000","22,553,000","20,968,000","20,247,000","18,754,000","15,192,000","16,763,000","20,657,000","24,657,000","29,642,000","25,135,000","22,879,000","29,792,000","33,905,000","34,383,000","32,640,000","41,780,000","42,911,000","34,657,000","30,127,000","31,500,000","26,900,000","19,200,000","16,200,000","16,200,000","13,700,000","11,300,000","6,900,000",,,,,,
			InterestIncomeFromDeposits,,,,,,,,,,,,,,,,,,,,,"6,000","5,000",,,,,,,,"100,000",,,,,,
			InterestIncomeFromFederalFundsSoldAndSecuritiesPurchaseUnderAgreementsToResell,"1,941,000","2,207,000","2,676,000","1,418,000","1,190,000","349,000","279,000","200,000","132,000","162,000","337,000","290,000","148,000","1,468,000","1,514,000","515,000",,,"378,000","679,000","660,000","578,000","800,000","200,000","200,000","1,000,000","300,000","700,000","500,000","2,100,000",,,,,,
			OtherInterestIncome,,,,,,,,,,,,,,,,,,,,,,,,,"100,000","-100,000",,,,"100,000",,,,,,
		InterestExpense,"57,937,000","53,879,000","25,536,000","18,334,000","18,793,000","20,617,000","20,417,000","23,336,000","23,393,000","28,672,000","38,763,000","51,995,000","58,926,000","63,555,000","65,038,000","49,818,000","36,797,000","32,533,000","40,794,000","54,478,000","55,419,000","50,178,000","49,600,000","41,600,000","32,400,000","29,100,000","27,100,000","26,700,000","32,000,000","49,900,000",,,,,,
			InterestExpenseForDeposit,"45,050,000","41,186,000","19,995,000","12,702,000","11,140,000","11,576,000","11,039,000","10,624,000","10,703,000","13,355,000","20,254,000","31,163,000","38,896,000","43,639,000","40,793,000","25,758,000","18,925,000","17,801,000","24,869,000","38,550,000","37,881,000","30,668,000","31,400,000","31,700,000","27,700,000","26,000,000","20,500,000","21,900,000","28,000,000","48,400,000",,,,,,
			InterestExpenseForShortTermDebt,,,,,,,,,,,,,,,,,,"14,732,000","15,925,000","15,928,000","17,538,000","19,510,000","18,100,000",,,,,"3,900,000","3,100,000","600,000",,,,,,
			InterestExpenseForLongTermDebtAndCapitalSecurities,"12,887,000","12,693,000","5,541,000","5,632,000","7,653,000","9,041,000","9,378,000","12,712,000","12,690,000","15,317,000","18,509,000","20,832,000","20,030,000","19,916,000","24,245,000","24,060,000","17,872,000",,,,,,,"9,900,000","4,700,000","3,100,000","6,600,000","800,000","800,000","900,000",,,,,,
			OtherInterestExpense,,,,,,,,,,,,"62,326,000",,,,,,,,,,,"100,000",,,,,"100,000","100,000",,,,,,,
	NonInterestIncome,"114,514,000","109,612,000","85,076,000","79,548,000","82,396,000","72,209,000","67,560,000","64,252,000","62,009,000","52,700,000","46,448,000","36,838,000","28,084,000","32,051,000","26,644,000","27,150,000","28,355,000","27,794,000","23,357,000","21,278,000","16,418,000","14,793,000","13,100,000","12,800,000","12,700,000","11,500,000","11,500,000","13,100,000","17,100,000","21,600,000",,,,,,
		TotalPremiumsEarned,"6,108,000","5,447,000","5,523,000","4,127,000","4,089,000","3,692,000","5,092,000","3,456,000","4,421,000","3,170,000","3,192,000","2,939,000",,,,,,,,,,,,,,,,,,,,,,,,
		FeesAndCommissions,"79,225,000","78,145,000","64,040,000","60,445,000","62,711,000","56,248,000","51,704,000","49,395,000","46,985,000","37,893,000","30,431,000","27,107,000","26,728,000","22,524,000","20,361,000","18,390,000","17,028,000","11,409,000","10,013,000","13,246,000","11,274,000","9,517,000","9,200,000","8,800,000","8,600,000","8,000,000","7,900,000","8,300,000","7,900,000","7,300,000",,,,,,
			FeesandCommissionIncome,"83,445,000","82,365,000","67,469,000","63,875,000","62,711,000","58,704,000","54,066,000","52,389,000","46,992,000","37,893,000","30,431,000","27,107,000","26,728,000","22,524,000","20,361,000","18,390,000","17,028,000","11,409,000","10,013,000","13,246,000","11,274,000","9,517,000","9,200,000","8,800,000","8,600,000","8,000,000","7,900,000","8,300,000","7,900,000","7,300,000",,,,,,
				ServiceChargeOnDepositorAccounts,"54,645,000","53,646,000","41,314,000","40,073,000","40,902,000","37,969,000","34,424,000","35,557,000","32,213,000","16,628,000","18,708,000","17,060,000","15,595,000","14,414,000","14,233,000","13,103,000","12,345,000","11,409,000","10,013,000","8,823,000","6,736,000","5,409,000","5,400,000","5,700,000","5,800,000","5,600,000","5,700,000","6,100,000","5,700,000","5,300,000",,,,,,
				TrustFeesbyCommissions,"28,800,000","28,719,000","26,155,000","23,802,000","21,809,000","20,735,000","19,642,000","16,832,000","14,779,000","13,532,000","11,723,000","10,047,000","11,133,000","8,110,000","6,128,000","5,287,000","4,683,000",,,"4,423,000","4,538,000","4,108,000","3,800,000","3,100,000","2,800,000","2,400,000","2,200,000","2,200,000","2,200,000","2,000,000",,,,,,
				OtherCustomerServices,,,,,,,,,,"7,733,000",,,,,,,,,,,,,,,,,,,,,,,,,,
			FeesandCommissionExpense,,"4,220,000","3,429,000","3,430,000",,"2,456,000","2,362,000","2,994,000","7,000",,,,,,,,,,,,,,,,,,,,,,,,,,,
		DividendIncome,,,,,,,,,,,"24,657,000","29,642,000",,,,,,,,,,,,,,,,,,,,,,,,
		InvestmentBankingProfit,,,,,,,,,,"4,197,000","5,041,000","4,857,000",,,,,,"4,451,000","3,801,000","2,449,000","1,285,000","1,779,000","2,400,000",,,,,,,,,,,,,
		GainLossonSaleofAssets,"7,972,000","5,016,000","2,373,000","3,839,000","6,129,000","3,425,000","2,668,000","3,669,000","3,386,000","723,000","-334,000","-5,180,000",,,"-3,161,000","616,000","3,214,000","2,629,000",,,,,,,,,,,"3,400,000",,,,,,,
			GainOnSaleOfSecurity,"7,972,000","5,016,000","2,373,000","3,839,000","6,129,000","3,425,000","2,668,000","3,669,000","3,386,000","723,000","458,000","1,354,000",,,"-3,161,000","616,000","1,458,000","2,629,000",,,,,,,,,,,"1,100,000",,,,,,,
			GainonSaleofInvestmentProperty,,,,,,,,,,,"-334,000","-5,180,000",,,,,"1,756,000",,,,,,,,,,,,"2,300,000",,,,,,,
		OtherNonInterestIncome,"21,209,000","21,004,000","13,140,000","11,137,000","9,467,000","8,844,000","8,096,000","7,732,000","7,217,000","6,717,000","8,118,000","7,115,000","1,356,000","9,527,000","9,444,000","8,144,000","8,113,000","9,305,000","9,543,000","5,583,000","3,859,000","3,497,000","1,500,000","4,000,000","4,100,000","3,500,000","3,600,000","4,800,000","5,800,000","14,300,000",,,,,,
CreditLossesProvision,"-30,000,000","-6,000,000","-4,775,000","-2,950,000","-6,075,000","-1,500,000","-10,403,000","-10,200,000","-18,056,000","-11,482,000","-18,655,000","-17,335,000","-10,888,000","-3,130,000","-2,335,000","-4,175,000","-3,018,000","-3,420,000","-4,650,000","-4,619,000","-2,268,000","-3,927,000","-4,000,000","-2,300,000","-1,800,000","-1,000,000","-600,000","-5,000,000","-11,000,000","-23,000,000",,,,,,
NonInterestExpense,"263,767,000","252,206,000","211,372,000","197,520,000","186,198,000","182,958,000","168,116,000","161,970,000","150,484,000","145,713,000","139,745,000","129,392,000","104,143,000","87,932,000","79,354,000","80,492,000","77,007,000","73,827,000","76,338,000","69,047,000","55,766,000","45,450,000","41,700,000","39,600,000","38,100,000","39,300,000","42,700,000","37,400,000","39,600,000","45,800,000",,,,,,
	OccupancyAndEquipment,"35,394,000","33,207,000","27,098,000","24,693,000","22,867,000","23,020,000","21,820,000","19,650,000","17,307,000","16,916,000","16,011,000","15,673,000","12,757,000","9,932,000","10,060,000","10,070,000","8,894,000","8,692,000","8,645,000","9,411,000","8,235,000","6,816,000","6,700,000","6,100,000","5,700,000","5,800,000","6,700,000","5,000,000","5,000,000","2,900,000",,,,,,
	ProfessionalExpenseAndContractServicesExpense,,"5,448,000","3,891,000","4,038,000","3,486,000","3,680,000","2,923,000","3,322,000","5,024,000","2,262,000",,,,,,,,,,,,,,,,,,,,,,,,,,
	SellingGeneralAndAdministration,"169,600,000","168,030,000","141,371,000","133,281,000","122,193,000","118,323,000","106,438,000","102,501,000","98,163,000","98,290,000","96,761,000","89,658,000","60,291,000","54,237,000","49,254,000","49,871,000","47,346,000","43,493,000","42,168,000","36,904,000","29,894,000","24,913,000","21,100,000","20,600,000","21,100,000","22,100,000","20,800,000","17,300,000","17,000,000","17,800,000",,,,,,
		GeneralAndAdministrativeExpense,"165,369,000","162,586,000","136,429,000","128,292,000","116,991,000","113,678,000","102,579,000","98,221,000","94,214,000","94,414,000","94,590,000","87,459,000","58,275,000","52,520,000","47,890,000","47,912,000","44,899,000","41,508,000","40,274,000","36,904,000","28,345,000","23,716,000","21,100,000","20,600,000","21,100,000","22,100,000","20,800,000","17,300,000","17,000,000","17,800,000",,,,,,
			SalariesAndWages,"153,397,000","149,165,000","124,328,000","116,600,000","108,636,000","105,068,000","94,044,000","89,894,000","84,014,000","81,275,000","76,983,000","68,257,000","58,275,000","52,520,000","47,890,000","47,912,000","44,899,000","41,508,000","40,274,000","36,904,000","28,345,000","23,716,000","21,100,000","20,600,000","21,100,000","22,100,000","20,800,000","17,300,000","17,000,000","17,800,000",,,,,,
			InsuranceAndClaims,"778,000","1,394,000","2,774,000","3,068,000","3,380,000","3,979,000","3,770,000","3,579,000","3,232,000","3,496,000",,,,,,,,,,,,,,,,,,,,,,,,,,
			OtherGandA,"11,194,000","12,027,000","9,327,000","8,624,000","4,975,000","4,631,000","4,765,000","4,748,000","6,968,000","9,643,000","17,607,000","19,202,000",,,,,,,,,,,,,,,,,,,,,,,,
		SellingAndMarketingExpense,,"5,444,000","4,942,000","4,989,000","5,202,000","4,645,000","3,859,000","4,280,000","3,949,000","3,876,000","2,171,000","2,199,000","2,016,000","1,717,000","1,364,000","1,959,000","2,447,000","1,985,000","1,894,000",,"1,549,000","1,197,000",,,,,,,,,,,,,,
	DepreciationAmortizationDepletionIncomeStatement,,"5,545,000",,,,,,,,,"2,080,000","2,539,000",,,,,,,,,,,,,,,,,,,,,,,,
		DepreciationAndAmortizationInIncomeStatement,,"5,545,000",,,,,,,,,"2,080,000","2,539,000",,,,,,,,,,,,,,,,,,,,,,,,
			Amortization,,"5,545,000",,,,,,,,,"2,080,000","2,539,000",,,,,,,,,,,,,,,,,,,,,,,,
				AmortizationOfIntangiblesIncomeStatement,,"5,545,000",,,,,,,,,"2,080,000","2,539,000",,,,,,,,,,,,,,,,,,,,,,,,
	OtherNonInterestExpense,"47,780,000","39,976,000","39,012,000","35,508,000","37,652,000","37,935,000","36,935,000","36,497,000","29,990,000","28,245,000","24,893,000","21,522,000","31,095,000","23,763,000","20,040,000","20,551,000","20,767,000","21,642,000","25,525,000","22,732,000","17,637,000","13,721,000","13,900,000","12,900,000","11,300,000","11,400,000","15,200,000","15,100,000","17,600,000","25,100,000",,,,,,
SpecialIncomeCharges,"-25,401,000","-26,433,000","-11,168,000","-3,393,000","-5,892,000","-10,501,000","-1,339,000","-7,922,000","-8,968,000","0","458,000","-11,069,000",,,,,"-684,000",,,,"-3,608,000",,,,,,,,,,,,,,,
	GainOnSaleOfBusiness,,,,,,,,,,,"458,000","1,354,000",,,,,,,,,,,,,,,,,,,,,,,,
	RestructuringAndMergernAcquisition,"25,401,000","26,433,000","11,168,000","3,393,000","5,455,000","10,501,000","1,339,000","8,685,000","6,741,000","0","0","12,423,000",,,,,"684,000",,,,,,,,,,,,,,,,,,,
	ImpairmentOfCapitalAssets,,,,,,,"0","0","2,227,000",,,,,,,,,,,,,,,,,,,,,,,,,,,
	LossonExtinguishmentofDebt,,,"0","0","437,000",,"0","-763,000",,,,,,,,,,,,,,,,,,,,,,,,,,,,
OtherNonOperatingIncomeExpenses,,,,,,,,,,,"-458,000","-1,354,000",,,,,,,,,,,,,,,,,,,,,,,,
PretaxIncome,"200,260,000","218,108,000","155,926,000","134,545,000","112,075,000","92,178,000","83,744,000","66,738,000","57,300,000","62,584,000","52,467,000","29,736,000","30,515,000","37,172,000","47,610,000","48,326,000","44,390,000","41,967,000","37,359,000","32,537,000","21,604,000","24,576,000","23,900,000","21,500,000","17,800,000","15,100,000","9,600,000","5,100,000","400,000","-16,200,000",,,,,,
TaxProvision,"43,559,000","52,933,000","34,304,000","47,341,000","35,427,000","27,218,000","23,899,000","16,484,000","14,673,000","17,148,000","12,227,000","6,747,000","6,551,000","8,791,000","14,759,000","15,121,000","13,623,000","15,536,000","12,293,000","10,485,000","6,414,000","7,545,000","7,800,000","7,300,000","6,200,000","4,700,000","1,500,000","500,000","200,000","-4,300,000",,,,,,
NetIncomeCommonStockholders,"156,701,000","165,175,000","121,622,000","87,204,000","76,648,000","64,960,000","59,845,000","50,254,000","42,627,000","45,436,000","40,240,000","17,291,000","23,964,000","28,381,000","32,851,000","33,205,000","30,767,000","26,431,000","25,066,000","22,052,000","15,190,000","17,031,000","16,100,000","14,200,000","11,600,000","10,400,000","8,100,000","4,600,000","200,000","-11,900,000","-17,900,000","5,900,000","8,900,000","8,300,000","7,800,000","6,000,000"
	NetIncome,"156,701,000","165,175,000","121,622,000","87,204,000","76,648,000","64,960,000","59,845,000","50,254,000","42,627,000","45,436,000","40,240,000","22,989,000","23,964,000","28,381,000","32,851,000","33,205,000","30,767,000","26,431,000","25,066,000","22,052,000","15,190,000","17,031,000","16,100,000","14,200,000","11,600,000","10,400,000","8,100,000","4,600,000","200,000","-11,900,000","-17,900,000","5,900,000","8,900,000","8,300,000","7,800,000","6,000,000"
		NetIncomeIncludingNoncontrollingInterests,"156,701,000","165,175,000","121,622,000","87,204,000","76,648,000","64,960,000","59,845,000","50,254,000","42,627,000","45,436,000","40,240,000","22,989,000","23,964,000","28,381,000","32,851,000","33,205,000","31,839,000","30,784,000","30,107,000","27,718,000","20,509,000","19,699,000","18,800,000","15,800,000","11,600,000","10,400,000","8,100,000","4,600,000","200,000","-11,900,000","-17,900,000","5,900,000","8,900,000","8,300,000","7,800,000","6,000,000"
			NetIncomeContinuousOperations,"156,701,000","165,175,000","121,622,000","87,204,000","76,648,000","64,960,000","59,845,000","50,254,000","42,627,000","45,436,000","40,240,000","22,989,000","23,964,000","28,381,000","32,851,000","33,205,000","30,767,000","26,431,000","25,066,000","22,052,000","15,190,000","17,031,000","16,100,000","14,200,000","11,600,000","10,400,000","8,100,000","4,600,000","200,000","-11,900,000","-17,900,000","5,900,000","8,900,000","8,300,000","7,800,000","6,000,000"
		MinorityInterests,,,,,,,,,,,,,,,,,"-1,072,000","-4,353,000","-5,041,000","-5,666,000","-5,319,000","-2,668,000","-2,700,000","-1,600,000",,,,,,,,,,,,
	PreferredStockDividends,,,,,,,,,,,,"5,698,000",,,,,,,,,,,,,,,,,,,,,,,,
DilutedNIAvailtoComStockholders,"156,701,000","165,175,000","121,622,000","87,204,000","76,648,000","64,960,000","59,845,000","50,254,000","42,627,000","45,436,000","40,240,000","17,291,000","23,964,000","28,381,000","32,851,000","33,205,000","30,767,000","26,431,000","25,066,000","22,052,000","15,190,000","17,031,000","16,100,000","14,200,000","11,600,000","10,400,000","8,100,000","4,600,000","200,000","-11,900,000","-17,900,000","5,900,000","8,900,000","8,300,000","7,800,000","6,000,000"
BasicEPS,,"5.03","4.41","3.19","2.9","2.51","2.5","2.18","1.96","2.12","1.9","0.88","1.53","2.02","2.2","2.16","2.06","1.82","1.63","1.54","1.07","1.2","1.1","0.97","0.79","0.71","0.56","0.32","0.03","-2.28","-3.45","1.16","1.75","1.64","1.55","1.5"
DilutedEPS,,"5.03","4.4","3.19","2.9","2.5","2.49","2.18","1.95","2.12","1.9","0.88","1.52","2","2.17","2.14","2.03","1.79","1.61","1.53","1.06","1.19","1.08","0.95","0.79","0.71","0.56","0.32","0.03","-2.28","-3.45","1.16","1.75","1.64","1.55","1.5"
BasicAverageShares,,"32,810,433","27,592,380","27,294,028","26,404,071","25,891,382","23,899,562","23,011,814","21,782,499","21,422,757","21,178,117","19,642,965","15,694,555","14,033,257","14,938,095","15,378,187","14,963,155","14,558,031","14,415,570","14,290,504","14,238,148","14,213,390","14,730,193","14,666,420","14,751,324","14,631,493","14,464,286","14,375,000","5,000,000","5,219,298","5,188,406","5,086,207","5,085,714","5,060,976","5,032,258","4,000,000"
DilutedAverageShares,,"32,856,234","27,653,808","27,372,104","26,455,918","25,959,948","23,993,377","23,088,578","21,812,316","21,451,587","21,203,915","19,673,156","15,759,482","14,160,598","15,109,873","15,521,915","15,154,428","14,738,078","14,619,560","14,445,243","14,305,167","14,365,656","14,945,719","14,972,225","14,751,324","14,807,692","14,464,286","14,375,000","5,000,000","5,219,298","5,188,406","5,086,207","5,085,714","5,060,976","5,032,258","4,000,000"
InterestIncomeAfterProvisionForLoanLoss,"374,914,000","387,135,000","293,390,000","255,910,000","221,769,000","213,428,000","185,639,000","172,378,000","154,743,000","155,597,000","145,306,000","133,359,000","106,574,000","93,053,000","100,320,000","101,668,000","94,798,000","92,353,000","95,381,000","85,972,000","69,879,000","57,901,000","55,100,000","49,900,000","43,100,000","42,900,000","40,900,000","29,400,000","22,900,000","8,000,000",,,,,,
NetIncomeFromContinuingAndDiscontinuedOperation,"156,701,000","165,175,000","121,622,000","87,204,000","76,648,000","64,960,000","59,845,000","50,254,000","42,627,000","45,436,000","40,240,000","22,989,000","23,964,000","28,381,000","32,851,000","33,205,000","30,767,000","26,431,000","25,066,000","22,052,000","15,190,000","17,031,000","16,100,000","14,200,000","11,600,000","10,400,000","8,100,000","4,600,000","200,000","-11,900,000","-17,900,000","5,900,000","8,900,000","8,300,000","7,800,000","6,000,000"
NormalizedIncome,"176,576,971.742","185,192,710.9","130,333,040","89,403,003.3","80,677,538.8","72,360,054.7","60,801,849.4","56,219,266","49,299,192","45,436,000","40,144,897.173","35,551,155.67","23,964,000","28,381,000","32,851,000","33,205,000","30,023,989.772","26,431,000","25,066,000","22,052,000","17,726,822.811","17,031,000","16,100,000","14,200,000","11,600,000","10,400,000","8,100,000","4,600,000","-1,180,000","-11,900,000","-17,900,000","5,900,000","8,900,000","8,300,000","7,800,000","6,000,000"
TotalMoneyMarketInvestments,"1,941,000","2,207,000","2,676,000","1,418,000","1,190,000","349,000","279,000","200,000","132,000","162,000","337,000","290,000","148,000","1,468,000","1,514,000","515,000",,,"378,000","679,000","666,000","583,000","800,000","200,000","200,000","1,000,000","300,000","700,000","500,000","2,200,000",,,,,,
ReconciledDepreciation,,"19,439,000","15,994,000","15,681,000","14,354,000","12,285,000","11,011,000","8,490,000","10,212,000","9,634,000","9,880,000","5,744,000","6,749,000","5,659,000","6,371,000","5,978,000","5,872,000","5,558,000","4,311,000","7,586,000","5,600,000","4,544,000","4,200,000","3,200,000","3,100,000","3,200,000","5,400,000","3,300,000","2,500,000","2,300,000",,,,,,
NetIncomeFromContinuingOperationNetMinorityInterest,"156,701,000","165,175,000","121,622,000","87,204,000","76,648,000","64,960,000","59,845,000","50,254,000","42,627,000","45,436,000","40,240,000","22,989,000","23,964,000","28,381,000","32,851,000","33,205,000","30,767,000","26,431,000","25,066,000","22,052,000","15,190,000","17,031,000","16,100,000","14,200,000","11,600,000","10,400,000","8,100,000","4,600,000","200,000","-11,900,000","-17,900,000","5,900,000","8,900,000","8,300,000","7,800,000","6,000,000"
TotalUnusualItemsExcludingGoodwill,"-25,401,000","-26,433,000","-11,168,000","-3,393,000","-5,892,000","-10,501,000","-1,339,000","-7,922,000","-8,968,000","0","124,000","-16,249,000",,,,,"1,072,000",,,,"-3,608,000",,,,,,,,"2,300,000",,,,,,,
TotalUnusualItems,"-25,401,000","-26,433,000","-11,168,000","-3,393,000","-5,892,000","-10,501,000","-1,339,000","-7,922,000","-8,968,000","0","124,000","-16,249,000",,,,,"1,072,000",,,,"-3,608,000",,,,,,,,"2,300,000",,,,,,,
TaxRateForCalcs,"0.218","0.243","0.22","0.352","0.316","0.295","0.285","0.247","0.256","0.274","0.233","0.227","0.215","0.236","0.31","0.313","0.307","0.37","0.329","0.322","0.297","0.307","0.326","0.34","0.348","0.311","0.156","0.098","0.4","0.265","0.4","0.4","0.4","0.4","0.4","0.4"
TaxEffectOfUnusualItems,"-5,525,028.258","-6,415,289.1","-2,456,960","-1,193,996.7","-1,862,461.2","-3,100,945.3","-382,150.6","-1,956,734","-2,295,808","0","28,897.173","-3,686,844.33","0","0","0","0","328,989.772","0","0","0","-1,071,177.189","0","0","0","0","0","0","0","920,000","0","0","0","0","0","0","0"