name,ttm,12/31/2019,12/31/2018,12/31/2017,12/31/2016,12/31/2015,12/31/2014,12/31/2013,12/31/2012,12/31/2011,12/31/2010,12/31/2009,12/31/2008,12/31/2007,12/31/2006,12/31/2005,12/31/2004,12/31/2003,12/31/2002,12/31/2001,12/31/2000,12/31/1999,12/31/1998,12/31/1997,12/31/1996,12/31/1995,12/31/1994,12/31/1993,12/31/1992,12/31/1991,12/31/1990,12/31/1989,12/31/1988,12/31/1987,12/31/1986,12/31/1985
TotalRevenue,"10,219,900,000","10,221,300,000","9,714,400,000","7,882,400,000","7,846,600,000","7,613,800,000","7,537,100,000","7,122,300,000","6,956,200,000","7,014,600,000","6,531,900,000","6,027,600,000","6,962,700,000","6,554,200,000","6,190,800,000","6,274,300,000","6,387,000,000","5,863,400,000","6,203,600,000","6,723,200,000","5,625,845,000","4,427,300,000","3,844,300,000","3,125,800,000","2,537,500,000","2,179,700,000","1,984,300,000","1,793,900,000","1,804,400,000","1,677,500,000","1,368,200,000","1,256,900,000","1,191,900,000","943,200,000","814,400,000","666,700,000"
	OperatingRevenue,"8,592,400,000","8,625,100,000","8,031,600,000","7,882,400,000","7,846,600,000","7,613,800,000","7,537,100,000","7,122,300,000","6,956,200,000","7,014,600,000","6,531,900,000","6,027,600,000","6,962,700,000","6,554,200,000","6,190,800,000","6,274,300,000","6,387,000,000","5,863,400,000","6,203,600,000","6,723,200,000","5,625,845,000","4,427,300,000","3,844,300,000","3,125,800,000","2,537,500,000","2,179,700,000","1,984,300,000","1,793,900,000","1,804,400,000","1,677,500,000","1,368,200,000","1,256,900,000","1,191,900,000","943,200,000","814,400,000","666,700,000"
CostOfRevenue,"8,751,100,000","8,729,100,000","8,336,200,000","5,068,100,000","5,038,100,000","4,857,700,000","4,820,400,000","4,545,500,000","4,391,900,000","0","0","0",,,,,,,,,"187,063,000","215,900,000","179,100,000","1,554,000,000","1,240,700,000","1,058,800,000","965,000,000","847,200,000","953,500,000","816,500,000","714,200,000","650,800,000","631,300,000","519,800,000","453,000,000","10,000,000"
GrossProfit,"1,468,800,000","1,492,200,000","1,378,200,000","2,814,300,000","2,808,500,000","2,756,100,000","2,716,700,000","2,576,800,000","2,564,300,000","7,014,600,000","6,531,900,000","6,027,600,000",,,,,,,,,"5,812,908,000","4,643,200,000","4,023,400,000","1,571,800,000","1,296,800,000","1,120,900,000","1,019,300,000","946,700,000","850,900,000","861,000,000","654,000,000","606,100,000","560,600,000","423,400,000","361,400,000","676,700,000"
OperatingExpense,"355,000,000","372,300,000","369,400,000","1,840,700,000","1,870,500,000","1,885,000,000","1,928,100,000","1,917,900,000","1,886,000,000","6,326,400,000","5,979,300,000","5,681,700,000","6,355,900,000","6,167,300,000","6,058,400,000","6,385,800,000","6,419,100,000","5,635,600,000","5,785,700,000","6,321,200,000","4,979,386,000","4,041,800,000","3,526,200,000","1,081,100,000","898,900,000","828,800,000","785,600,000","688,500,000","662,100,000","642,200,000","485,600,000","453,400,000","422,100,000","341,200,000","267,800,000","615,600,000"
	SellingGeneralAndAdministration,"74,800,000","93,800,000","166,500,000","1,840,700,000","1,870,500,000","1,885,000,000","1,928,100,000","1,917,900,000","1,886,000,000","6,326,400,000","5,979,300,000","5,681,700,000","6,355,900,000","6,184,000,000","6,023,100,000","6,287,200,000","5,983,300,000","5,337,400,000","5,645,600,000","5,845,000,000","4,679,845,000","3,825,900,000","3,347,100,000","950,300,000","795,400,000","737,600,000","710,000,000","618,500,000","622,500,000","578,500,000","436,800,000","412,900,000","397,200,000","320,200,000","254,700,000","605,600,000"
		GeneralAndAdministrativeExpense,,,,"1,840,700,000","1,870,500,000","1,885,000,000","1,928,100,000","1,917,900,000","1,886,000,000","6,326,400,000","5,979,300,000","5,681,700,000",,,,,,,,,,,,,,,,,,,,,,,,
			SalariesAndWages,,,,,,,,,,"4,402,100,000","4,117,000,000","3,961,200,000",,,,,,,,,,,,,,,,,,,,,,,,
			OtherGandA,,,,"1,840,700,000","1,870,500,000","1,885,000,000","1,928,100,000","1,917,900,000","1,886,000,000","1,924,300,000","1,862,300,000","1,720,500,000",,,,,,,,,,,,,,,,,,,,,,,,
	DepreciationAmortizationDepletionIncomeStatement,"280,200,000","278,500,000","202,900,000",,,,,,,,,,,,,,,"11,300,000","13,000,000","173,100,000","299,541,000","215,900,000","179,100,000","130,800,000","103,500,000","91,200,000","75,600,000","70,000,000","39,600,000","63,700,000","48,800,000","40,500,000","24,900,000","21,000,000","13,100,000","10,000,000"
		DepreciationAndAmortizationInIncomeStatement,"280,200,000","278,500,000","202,900,000",,,,,,,,,,,,,,,"11,300,000","13,000,000","173,100,000","299,541,000","215,900,000","179,100,000","130,800,000","103,500,000","91,200,000","75,600,000","70,000,000","39,600,000","63,700,000","48,800,000","40,500,000","24,900,000","21,000,000","13,100,000","10,000,000"
			Amortization,,,,,,,,,,,,,,,,,,"11,300,000","13,000,000","173,100,000",,,,,,,,,,,,,,,,
				AmortizationOfIntangiblesIncomeStatement,,,,,,,,,,,,,,,,,,"11,300,000","13,000,000","173,100,000",,,,,,,,,,,,,,,,
	OtherOperatingExpenses,,,,,,,,,,,,,,"-16,700,000","35,300,000","98,600,000","435,800,000","286,900,000","127,100,000","303,100,000",,,,,,,,,,,,,,,,
OperatingIncome,"1,113,800,000","1,119,900,000","1,008,800,000","973,600,000","938,000,000","871,100,000","788,600,000","658,900,000","678,300,000","688,200,000","552,600,000","345,900,000","606,800,000","386,900,000","132,400,000","-111,500,000","-32,100,000","227,800,000","417,900,000","402,000,000","833,522,000","601,400,000","497,200,000","490,700,000","397,900,000","292,100,000","233,700,000","258,200,000","188,800,000","218,800,000","168,400,000","152,700,000","138,500,000","82,200,000","93,600,000","61,100,000"
NetNonOperatingInterestIncomeExpense,"-156,900,000","-164,800,000","-101,200,000","-71,400,000","-70,500,000","-63,000,000","-57,500,000","-98,000,000","-104,000,000","-99,000,000","-111,000,000","-120,600,000",,,,,,,,,,,,,,,,,,,,,,,,
	InterestIncomeNonOperating,"37,400,000","34,500,000","21,800,000","19,400,000","20,100,000","22,800,000","27,400,000","24,700,000","29,500,000","37,800,000","28,700,000","35,000,000",,,,,,,,,,,,,,,,,,,,,,,,
	InterestExpenseNonOperating,"194,300,000","199,300,000","123,000,000","90,800,000","90,600,000","85,800,000","84,900,000","122,700,000","133,500,000","136,800,000","139,700,000","155,600,000",,,,,,,,,,,,,,,,,,,,,,,,
OtherIncomeExpense,"-59,900,000","-76,800,000","-69,600,000","-26,200,000","-37,300,000","-45,900,000","-10,400,000","-92,900,000","100,500,000","149,200,000","9,000,000","7,100,000","-10,900,000","-9,900,000","-60,300,000","-58,500,000","-543,600,000","-648,800,000","-158,100,000","-1,141,800,000","-52,910,000","56,600,000","131,500,000","6,500,000","12,400,000","6,100,000","4,000,000","900,000","54,400,000","2,200,000","6,100,000","6,000,000","4,300,000","30,500,000","23,900,000","25,400,000"
	EarningsFromEquityInterest,,,,,,,,,,,,,"3,100,000","7,500,000","7,000,000","13,300,000","5,800,000","1,000,000","5,700,000","4,000,000",,,,,,,,,,,,,,,,
	SpecialIncomeCharges,"-60,200,000","-77,300,000","-61,900,000","-24,100,000","-39,700,000","-48,800,000","-9,800,000","-104,300,000","88,200,000","149,200,000","9,000,000","7,100,000","-14,000,000","-17,400,000","-67,300,000","-71,800,000","-549,400,000","-649,800,000","-163,800,000","-1,145,800,000","-52,910,000","56,600,000","131,500,000","6,500,000","12,400,000","6,100,000","4,000,000","900,000","54,400,000","2,200,000","6,100,000","6,000,000","4,300,000","30,500,000","23,900,000","25,400,000"
		RestructuringAndMergernAcquisition,"2,100,000","33,900,000",,,,"-800,000","200,000","60,600,000",,"1,000,000","3,900,000","4,600,000","17,100,000","42,600,000","26,400,000","-7,300,000","62,200,000","175,600,000","12,100,000","645,600,000",,,,,,,,,,,,,,,,
		OtherSpecialCharges,,,,,,"49,600,000","10,400,000","45,200,000",,"-150,200,000","-12,900,000","-11,700,000","-3,100,000","-25,200,000","40,900,000","79,100,000","487,200,000","474,200,000","151,700,000","500,200,000",,,,,,,,,,,,,,,,
		GainOnSaleOfBusiness,"-58,100,000","-43,400,000","-61,900,000","-24,100,000","-39,700,000","0","800,000","1,500,000","88,200,000",,,,,,,,,,,,,,,,,,,,,,,,,,,
	OtherNonOperatingIncomeExpenses,"300,000","500,000","-7,700,000","-2,100,000","2,400,000","2,900,000","-600,000","11,400,000","12,300,000",,,,,,,,,,,,,,,,,,,,,,,,,,,
PretaxIncome,"897,000,000","878,300,000","838,000,000","876,000,000","830,200,000","762,200,000","720,700,000","468,000,000","674,800,000","738,400,000","450,600,000","232,400,000","471,500,000","235,700,000","-5,000,000","-186,600,000","-267,000,000","-269,000,000","265,400,000","-563,500,000","631,692,000","558,200,000","541,900,000","423,900,000","355,200,000","252,500,000","201,500,000","225,200,000","203,200,000","182,300,000","152,600,000","138,700,000","127,900,000","100,700,000","86,200,000","79,400,000"
TaxProvision,"211,500,000","204,800,000","199,200,000","281,900,000","198,000,000","282,800,000","216,500,000","181,200,000","213,300,000","190,200,000","-171,300,000","90,100,000","156,600,000","58,900,000","18,700,000","81,900,000","262,200,000","254,000,000","140,300,000","-55,300,000","273,034,000","236,300,000","232,000,000","184,800,000","150,000,000","122,700,000","86,300,000","99,900,000","91,300,000","87,700,000","72,500,000","68,100,000","67,800,000","51,400,000","45,100,000","42,800,000"
EarningsFromEquityInterestNetOfTax,"500,000","400,000","-1,100,000","900,000","300,000","1,100,000","1,200,000","2,100,000","3,100,000","3,300,000","1,900,000","1,100,000",,,,,,,,,,,,,,,,,,,,,,,,
NetIncomeCommonStockholders,"668,700,000","656,000,000","618,900,000","579,000,000","608,500,000","454,600,000","477,100,000","259,200,000","435,100,000","520,700,000","271,200,000","93,600,000","267,400,000","140,000,000","-79,300,000","-289,200,000","-558,200,000","-451,700,000","99,500,000","-534,500,000","358,658,000","321,900,000","309,900,000","239,100,000","205,200,000","129,800,000","93,400,000","124,800,000","87,300,000","94,600,000","80,100,000","70,600,000","60,100,000","49,300,000","41,100,000","36,600,000"
	NetIncome,"668,700,000","656,000,000","618,900,000","579,000,000","608,500,000","454,600,000","477,100,000","267,900,000","446,700,000","532,300,000","261,100,000","121,300,000","295,000,000","167,600,000","-31,700,000","-262,900,000","-538,400,000","-451,700,000","99,500,000","-534,500,000","358,658,000","321,900,000","309,900,000","239,100,000","205,200,000","129,800,000","93,400,000","124,800,000","87,300,000","94,600,000","80,100,000","70,600,000","60,100,000","49,300,000","41,100,000","36,600,000"
		NetIncomeIncludingNoncontrollingInterests,"686,000,000","673,900,000","637,700,000","595,000,000","632,500,000","480,500,000","505,400,000","288,900,000","464,600,000","551,500,000","281,200,000","143,400,000","318,000,000","184,300,000","-11,700,000","-246,200,000","-516,900,000","-420,800,000","130,800,000","-504,200,000","398,467,000","355,300,000","338,000,000","262,900,000","219,600,000","137,500,000","96,700,000","132,400,000","94,000,000","99,800,000","83,200,000","75,500,000","60,100,000","49,300,000","41,100,000","36,600,000"
			NetIncomeContinuousOperations,"686,000,000","673,900,000","637,700,000","595,000,000","632,500,000","480,500,000","505,400,000","288,900,000","464,600,000","551,500,000","281,200,000","143,400,000","295,000,000","167,600,000","-36,700,000","-271,900,000","-544,900,000","-552,900,000","99,500,000","-534,500,000","358,658,000","321,900,000","309,900,000","239,100,000","205,200,000","129,800,000","115,200,000","125,300,000","111,900,000","94,600,000","80,100,000","70,600,000","60,100,000","49,300,000","41,100,000","36,600,000"
			NetIncomeDiscontinuousOperations,,,,,,,,,,,,,,,"5,000,000","9,000,000","6,500,000","101,200,000",,,,,,,,,,,,,,,,,,
			NetIncomeExtraordinary,,,,,,,,,,,,,,,,,,,,,,,,,,,"-21,800,000","-500,000","-24,600,000",,,,,,,
		MinorityInterests,"-17,300,000","-17,900,000","-18,800,000","-16,000,000","-24,000,000","-25,900,000","-28,300,000","-21,000,000","-17,900,000","-19,200,000","-20,100,000","-22,100,000","-23,000,000","-16,700,000","-20,000,000","-16,700,000","-21,500,000","-30,900,000","-31,300,000","-30,300,000","-39,809,000","-33,400,000","-28,100,000","-23,800,000","-14,400,000","-7,700,000","-3,300,000","-7,600,000","-6,700,000","-5,200,000","-3,100,000","-4,900,000",,,,
	PreferredStockDividends,,,,,,,,"8,700,000","11,600,000","11,600,000","-10,100,000","27,700,000","27,600,000","27,600,000","47,600,000","26,300,000","19,800,000",,,,,,,,,,,,,,,,,,,
	OtherunderPreferredStockDividend,,,,,,,,,,,,"100,000",,,,,,,,,,,,,,,,,,,,,,,,
DilutedNIAvailtoComStockholders,"668,700,000","656,000,000","618,900,000","579,000,000","608,500,000","454,600,000","477,100,000","259,200,000","435,100,000","520,700,000","271,200,000","93,600,000","267,400,000","140,000,000","-79,300,000","-289,200,000","-558,200,000","-451,700,000","99,500,000","-534,500,000","358,658,000","321,900,000","309,900,000","239,100,000","205,200,000","129,800,000","93,400,000","124,800,000","87,300,000","94,600,000","80,100,000","70,600,000","60,100,000","49,300,000","41,100,000","36,600,000"
BasicEPS,,"1.7","1.61","1.49","1.53","1.11","1.14","0.62","1.01","1.12","0.57","0.2","0.57","0.29","-0.19","-0.68","-1.34","-1.17","0.26","-1.37","1.18","1.15","1.145","0.99","0.853","0.553","0.413","0.56","0.39","0.44","0.4","0.35","0.31","0.25","0.21","0.19"
DilutedEPS,,"1.68","1.59","1.46","1.49","1.09","1.12","0.61","0.94","0.99","0.47","0.19","0.52","0.26","-0.19","-0.68","-1.34","-1.17","0.26","-1.37","1.15","1.11","1.105","0.95","0.853","0.553","0.413","0.56","0.39","0.44","0.4","0.35","0.31","0.25","0.21","0.19"
BasicAverageShares,,"386,100,000","383,300,000","389,600,000","397,900,000","408,100,000","419,200,000","421,100,000","432,500,000","465,500,000","473,600,000","468,200,000","461,500,000","457,700,000","428,100,000","424,800,000","415,300,000","385,500,000","376,100,000","369,000,000","303,192,000","278,923,000","270,655,022","241,515,152","240,468,750","234,578,313","225,967,742","222,857,143","223,846,154","215,000,000","200,250,000","201,714,286","193,870,968","197,200,000","195,714,286","192,631,579"
DilutedAverageShares,,"391,200,000","389,000,000","397,300,000","408,000,000","415,700,000","425,400,000","429,600,000","481,400,000","540,600,000","542,100,000","508,100,000","518,300,000","503,100,000","428,100,000","424,800,000","415,300,000","385,500,000","381,300,000","369,000,000","312,653,000","289,548,000","280,452,489","251,684,211","241,886,792","234,578,313","225,967,742","222,857,143","223,846,154","215,000,000","200,250,000","201,714,286","193,870,968","197,200,000","195,714,286","192,631,579"
TotalOperatingIncomeAsReported,"1,111,700,000","1,086,000,000","1,008,800,000","973,600,000","938,000,000","871,900,000","788,400,000","598,300,000","678,300,000","687,200,000","548,700,000","341,300,000","589,700,000","344,300,000","106,000,000","-104,200,000","-94,300,000","52,200,000","405,800,000","-243,600,000","833,522,000","601,400,000","497,200,000","490,700,000","397,900,000","292,100,000","233,700,000","258,200,000","188,800,000","218,800,000","168,400,000","152,700,000","138,500,000","82,200,000","93,600,000","61,100,000"
TotalExpenses,"9,106,100,000","9,101,400,000","8,705,600,000","6,908,800,000","6,908,600,000","6,742,700,000","6,748,500,000","6,463,400,000","6,277,900,000","6,326,400,000","5,979,300,000","5,681,700,000","6,355,900,000","6,167,300,000","6,058,400,000","6,385,800,000","6,419,100,000","5,635,600,000","5,785,700,000","6,321,200,000","4,792,323,000","3,825,900,000","3,347,100,000","2,635,100,000","2,139,600,000","1,887,600,000","1,750,600,000","1,535,700,000","1,615,600,000","1,458,700,000","1,199,800,000","1,104,200,000","1,053,400,000","861,000,000","720,800,000","605,600,000"
NetIncomeFromContinuingAndDiscontinuedOperation,"668,700,000","656,000,000","618,900,000","579,000,000","608,500,000","454,600,000","477,100,000","267,900,000","446,700,000","532,300,000","261,100,000","121,300,000","295,000,000","167,600,000","-31,700,000","-262,900,000","-538,400,000","-451,700,000","99,500,000","-534,500,000","358,658,000","321,900,000","309,900,000","239,100,000","205,200,000","129,800,000","115,200,000","125,300,000","111,900,000","94,600,000","80,100,000","70,600,000","60,100,000","49,300,000","41,100,000","36,600,000"
NormalizedIncome,"714,705,685.619","715,289,100","666,067,800","595,339,800","638,751,400","485,295,200","483,960,000","331,835,900","386,371,200","421,531,527.627","255,250,000","116,952,624.785","304,350,159.067","180,651,845.566","3,680,000","-228,820,000","-215,260,000","-163,020,000","197,780,000","498,855,031.056","390,404,000","287,940,000","231,000,000","235,200,000","197,760,000","126,140,000","112,800,000","124,760,000","79,260,000","93,280,000","76,440,000","67,000,000","57,520,000","31,000,000","26,760,000","21,360,000"
InterestIncome,"37,400,000","34,500,000","21,800,000","19,400,000","20,100,000","22,800,000","27,400,000","24,700,000","29,500,000","37,800,000","28,700,000","35,000,000",,,,,,,,,,,,,,,,,,,,,,,,
InterestExpense,"194,300,000","199,300,000","123,000,000","90,800,000","90,600,000","85,800,000","84,900,000","122,700,000","133,500,000","136,800,000","139,700,000","155,600,000",,,,,,,,,,,,,,,,,,,,,,,,
NetInterestIncome,"-156,900,000","-164,800,000","-101,200,000","-71,400,000","-70,500,000","-63,000,000","-57,500,000","-98,000,000","-104,000,000","-99,000,000","-111,000,000","-120,600,000",,,,,,,,,,,,,,,,,,,,,,,,
EBIT,"1,091,300,000","1,077,600,000","961,000,000","966,800,000","920,800,000","848,000,000","805,600,000","590,700,000","808,300,000","875,200,000","590,300,000","388,000,000","606,800,000","386,900,000","132,400,000","-111,500,000","-32,100,000","227,800,000","417,900,000","402,000,000","833,522,000","601,400,000","497,200,000","490,700,000","397,900,000","292,100,000","233,700,000","258,200,000","188,800,000","218,800,000","168,400,000","152,700,000","138,500,000","82,200,000","93,600,000","61,100,000"
EBITDA,"1,371,500,000"
ReconciledCostOfRevenue,"8,751,100,000","8,729,100,000","8,336,200,000","5,068,100,000","5,038,100,000","4,857,700,000","4,820,400,000","4,545,500,000","4,391,900,000","0","0","0",,,,,,,,,"187,063,000","215,900,000","179,100,000","1,554,000,000","1,240,700,000","1,058,800,000","965,000,000","847,200,000","953,500,000","816,500,000","714,200,000","650,800,000","631,300,000","519,800,000","453,000,000","10,000,000"
ReconciledDepreciation,"280,200,000","278,500,000","202,900,000","157,100,000","160,200,000","157,000,000","163,000,000","157,400,000","147,700,000","150,900,000","148,400,000","169,900,000","173,300,000","287,700,000","260,500,000","220,200,000","239,400,000","277,900,000","300,500,000","451,300,000","299,541,000","215,900,000","179,100,000","130,800,000","103,500,000","91,200,000","75,600,000","70,000,000","39,600,000","63,700,000","48,800,000","40,500,000","24,900,000","21,000,000","13,100,000","10,000,000"
NetIncomeFromContinuingOperationNetMinorityInterest,"668,700,000","656,000,000","618,900,000","579,000,000","608,500,000","454,600,000","477,100,000","267,900,000","446,700,000","532,300,000","261,100,000","121,300,000","295,000,000","167,600,000","-36,700,000","-271,900,000","-544,900,000","-552,900,000","99,500,000","-534,500,000","358,658,000","321,900,000","309,900,000","239,100,000","205,200,000","129,800,000","115,200,000","125,300,000","111,900,000","94,600,000","80,100,000","70,600,000","60,100,000","49,300,000","41,100,000","36,600,000"
TotalUnusualItemsExcludingGoodwill,"-60,200,000","-77,300,000","-61,900,000","-24,100,000","-39,700,000","-48,800,000","-9,800,000","-104,300,000","88,200,000","149,200,000","9,000,000","7,100,000","-14,000,000","-17,400,000","-67,300,000","-71,800,000","-549,400,000","-649,800,000","-163,800,000","-1,145,800,000","-52,910,000","56,600,000","131,500,000","6,500,000","12,400,000","6,100,000","4,000,000","900,000","54,400,000","2,200,000","6,100,000","6,000,000","4,300,000","30,500,000","23,900,000","25,400,000"
TotalUnusualItems,"-60,200,000","-77,300,000","-61,900,000","-24,100,000","-39,700,000","-48,800,000","-9,800,000","-104,300,000","88,200,000","149,200,000","9,000,000","7,100,000","-14,000,000","-17,400,000","-67,300,000","-71,800,000","-549,400,000","-649,800,000","-163,800,000","-1,145,800,000","-52,910,000","56,600,000","131,500,000","6,500,000","12,400,000","6,100,000","4,000,000","900,000","54,400,000","2,200,000","6,100,000","6,000,000","4,300,000","30,500,000","23,900,000","25,400,000"
NormalizedEBITDA,"1,431,700,000","1,433,400,000","1,225,800,000","1,148,000,000","1,120,700,000","1,053,800,000","978,400,000","852,400,000","867,800,000","876,900,000","729,700,000","550,800,000","794,100,000","692,000,000","460,200,000","180,500,000","756,700,000","1,155,500,000","882,200,000","1,999,100,000","1,185,973,000","760,700,000","544,800,000","615,000,000","489,000,000","377,200,000","305,300,000","327,300,000","174,000,000","280,300,000","211,100,000","187,200,000","159,100,000","72,700,000","82,800,000","45,700,000"
TaxRateForCalcs,"0.236","0.233","0.238","0.322","0.238","0.371","0.3","0.387","0.316","0.258","0.35","0.388","0.332","0.25","0.4","0.4","0.4","0.4","0.4","0.098","0.4","0.4","0.4","0.4","0.4","0.4","0.4","0.4","0.4","0.4","0.4","0.4","0.4","0.4","0.4","0.4"
TaxEffectOfUnusualItems,"-14,194,314.381","-18,010,900","-14,732,200","-7,760,200","-9,448,600","-18,104,800","-2,940,000","-40,364,100","27,871,200","38,431,527.627","3,150,000","2,752,624.785","-4,649,840.933","-4,348,154.434","-26,920,000","-28,720,000","-219,760,000","-259,920,000","-65,520,000","-112,444,968.944","-21,164,000","22,640,000","52,600,000","2,600,000","4,960,000","2,440,000","1,600,000","360,000","21,760,000","880,000","2,440,000","2,400,000","1,720,000","12,200,000","9,560,000","10,160,000"