name,ttm,03/31/2020,12/31/2019,09/30/2019,06/30/2019,03/31/2019,12/31/2018,09/30/2018,06/30/2018,03/31/2018,12/31/2017,09/30/2017,06/30/2017,03/31/2017,12/31/2016,09/30/2016,06/30/2016,03/31/2016,12/31/2015,09/30/2015,06/30/2015,03/31/2015,12/31/2014,09/30/2014,06/30/2014,03/31/2014,12/31/2013,09/30/2013,06/30/2013,03/31/2013,12/31/2012,09/30/2012,06/30/2012,03/31/2012,12/31/2011,09/30/2011,06/30/2011,03/31/2011,12/31/2010,09/30/2010,06/30/2010,03/31/2010,09/30/2009,06/30/2009,03/31/2009,12/31/2008,09/30/2008,06/30/2008,03/31/2008,12/31/2007,09/30/2007,06/30/2007,03/31/2007,12/31/2006,09/30/2006,06/30/2006,03/31/2006,12/31/2005,09/30/2005,06/30/2005,03/31/2005,12/31/2004,09/30/2004
TotalRevenue,"722,557,000","187,943,000","189,233,000","179,232,000","166,149,000","173,872,000","148,512,000","177,213,000","182,779,000","181,594,000","182,909,000","179,306,000","176,376,000","176,822,000","177,215,000","168,126,000","168,774,000","163,270,000","159,516,000","162,580,000","160,137,000","152,974,000","150,046,000","147,717,000","144,936,000","141,132,000","125,705,000","119,915,000","114,247,000","112,130,000","111,989,000","104,642,000","102,140,000","98,086,000","93,175,000","90,911,000","87,963,000","84,239,000","83,332,000","77,454,000","69,286,000","65,863,000","56,814,000","45,741,000","44,575,000","44,487,000","36,508,000","35,280,000","28,210,000","25,804,000","23,191,000","22,965,000","23,340,000","18,803,000","24,026,000","26,225,000","28,729,000","29,743,000","25,155,000","100,083,000","-9,752,000","5,168,000","1,915,000"
	OperatingRevenue,"722,557,000","187,943,000","189,233,000","179,232,000","166,149,000","173,872,000","148,512,000","177,213,000","182,779,000","181,594,000","182,909,000","179,306,000","176,376,000","176,822,000","177,215,000","168,126,000","168,774,000","163,270,000","159,516,000","162,580,000","160,137,000","152,974,000","150,046,000","147,717,000","144,936,000","141,132,000","125,705,000","119,915,000","114,247,000","112,130,000","111,989,000","104,642,000","102,140,000","98,086,000","93,175,000","90,911,000","87,963,000","84,239,000","83,332,000","77,454,000","69,286,000","65,863,000","56,814,000","45,741,000","44,575,000","44,487,000","36,508,000","35,280,000","28,210,000","25,804,000","23,191,000","22,965,000","23,340,000","18,803,000","24,026,000","26,225,000","28,729,000","29,743,000","25,155,000","100,083,000","-9,752,000","5,168,000","1,915,000"
PretaxIncome,"273,428,000","54,159,000","80,910,000","73,014,000","65,345,000","67,463,000","42,789,000","73,425,000","76,195,000","78,009,000","68,935,000","74,282,000","64,108,000","73,264,000","83,453,000","71,728,000","72,765,000","71,124,000","68,850,000","71,659,000","73,301,000","67,066,000","64,624,000","62,133,000","24,782,000","54,934,000","44,596,000","45,334,000","43,600,000","42,256,000","35,530,000","40,425,000","38,264,000","30,631,000","33,633,000","32,365,000","30,227,000","28,942,000","26,372,000","26,800,000","23,063,000","22,387,000","17,828,000","9,553,000","12,120,000","-139,938,000","9,147,000","7,002,000","7,909,000","6,154,000","3,994,000","3,630,000","4,036,000","456,000","6,714,000","9,213,000","11,672,000","-7,919,000","9,456,000","10,952,000","-43,726,000","14,454,000","11,832,000"
TaxProvision,"86,590,000","14,647,000","32,180,000","21,042,000","18,721,000","19,305,000","9,459,000","19,201,000","19,098,000","20,084,000","73,689,000","28,437,000","24,475,000","27,244,000","22,751,000","28,287,000","28,410,000","27,498,000","24,448,000","22,865,000","26,939,000","25,119,000","21,547,000","23,092,000","9,596,000","20,516,000","17,089,000","16,053,000","15,524,000","15,089,000","14,159,000","15,936,000","14,292,000","11,696,000","12,551,000","12,398,000","10,604,000","10,728,000","9,497,000","10,242,000","7,787,000","9,077,000","7,355,000","4,081,000","5,042,000","-56,979,000","3,656,000","2,786,000","2,905,000","2,197,000","1,142,000","729,000","1,042,000","-11,564,000","2,363,000","2,933,000","3,960,000","-2,980,000","3,495,000","3,953,000","-14,770,000","3,681,000","3,790,000"
NetIncomeCommonStockholders,"186,838,000","39,512,000","48,730,000","51,972,000","46,624,000","48,158,000","33,330,000","54,224,000","57,097,000","57,925,000","-4,754,000","45,845,000","39,633,000","46,020,000","60,702,000","43,441,000","44,355,000","43,626,000","44,402,000","48,794,000","46,362,000","41,947,000","43,077,000","39,041,000","15,186,000","34,418,000","27,507,000","29,281,000","28,076,000","27,167,000","21,371,000","24,489,000","23,972,000","18,935,000","21,082,000","19,967,000","19,623,000","18,214,000","16,875,000","16,558,000","15,276,000","13,310,000","10,473,000","5,472,000","7,078,000","-82,959,000","5,491,000","4,216,000","5,004,000","3,957,000","2,852,000","2,901,000","2,994,000","12,020,000","4,351,000","6,280,000","7,712,000","-4,939,000","5,961,000","6,999,000","-28,956,000","10,773,000","8,042,000"
	NetIncome,"186,838,000","39,512,000","48,730,000","51,972,000","46,624,000","48,158,000","33,330,000","54,224,000","57,097,000","57,925,000","-4,754,000","45,845,000","39,633,000","46,020,000","60,702,000","43,441,000","44,355,000","43,626,000","44,402,000","48,794,000","46,362,000","41,947,000","43,077,000","39,041,000","15,186,000","34,418,000","27,507,000","29,281,000","28,076,000","27,167,000","21,371,000","24,489,000","23,972,000","18,935,000","21,082,000","19,967,000","19,623,000","18,214,000","16,875,000","16,558,000","15,276,000","13,310,000","10,473,000","5,472,000","7,078,000","-82,959,000","5,491,000","4,216,000","5,004,000","3,957,000","2,852,000","2,901,000","2,994,000","12,020,000","4,351,000","6,280,000","7,712,000","-4,939,000","5,961,000","6,999,000","-28,956,000","10,773,000","8,042,000"
		NetIncomeIncludingNoncontrollingInterests,"186,838,000","39,512,000","48,730,000","51,972,000","46,624,000","48,158,000","33,330,000","54,224,000","57,097,000","57,925,000","-4,754,000","45,845,000","39,633,000","46,020,000","60,702,000","43,441,000","44,355,000","43,626,000","44,402,000","48,794,000","46,362,000","41,947,000","43,077,000","39,041,000","15,186,000","34,418,000","27,507,000","29,281,000","28,076,000","27,167,000","21,371,000","24,489,000","23,972,000","18,935,000","21,082,000","19,967,000","19,623,000","18,214,000","16,875,000","16,558,000","15,276,000","13,310,000","10,473,000","5,472,000","7,078,000","-82,959,000","5,491,000","4,216,000","5,004,000","3,957,000","2,852,000","2,901,000","2,994,000","12,020,000","4,351,000","6,280,000","7,712,000","-4,939,000","5,961,000","6,999,000","-28,956,000","10,773,000","8,042,000"
			NetIncomeContinuousOperations,"186,838,000","39,512,000","48,730,000","51,972,000","46,624,000","48,158,000","33,330,000","54,224,000","57,097,000","57,925,000","-4,754,000","45,845,000","39,633,000","46,020,000","60,702,000","43,441,000","44,355,000","43,626,000","44,402,000","48,794,000","46,362,000","41,947,000","43,077,000","39,041,000","15,186,000","34,418,000","27,507,000","29,281,000","28,076,000","27,167,000","21,371,000","24,489,000","23,972,000","18,935,000","21,082,000","19,967,000","19,623,000","18,214,000","16,875,000","16,558,000","15,276,000","13,310,000","10,473,000","5,472,000","7,078,000","-82,959,000","5,491,000","4,216,000","5,004,000","3,957,000","2,852,000","2,901,000","2,994,000","12,020,000","4,351,000","6,280,000","7,712,000","-4,939,000","5,961,000","6,999,000","-28,956,000","10,773,000","8,042,000"
DilutedNIAvailtoComStockholders,"186,838,000","39,512,000","48,730,000","51,972,000","46,624,000","48,158,000","33,330,000","54,224,000","57,097,000","57,925,000","-4,754,000","45,845,000","39,633,000","46,020,000","60,702,000","43,441,000","44,355,000","43,626,000","44,402,000","48,794,000","46,362,000","41,947,000","43,077,000","39,041,000","15,186,000","34,418,000","27,507,000","29,281,000","28,076,000","27,167,000","21,371,000","24,489,000","23,972,000","18,935,000","21,082,000","19,967,000","19,623,000","18,214,000","16,875,000","16,558,000","15,276,000","13,310,000","10,473,000","5,472,000","7,078,000","-82,959,000","5,491,000","4,216,000","5,004,000","3,957,000","2,852,000","2,901,000","2,994,000","12,020,000","4,351,000","6,280,000","7,712,000","-4,939,000","5,961,000","6,999,000","-28,956,000","10,773,000","8,042,000"
BasicEPS,,"0.17","0.19","0.2","0.18","0.18","0.12","0.19","0.2","0.2","-0.02","0.16","0.14","0.16","0.18","0.15","0.15","0.14","0.14","0.15","0.14","0.12","0.13","0.11","0.04","0.102","0.094","0.106","0.102","0.098","0.078","0.09","0.086","0.071",,"0.075","0.071","0.067",,"0.059","0.055","0.047","0.039",,"0.027","-0.314","0.02",,"0.02","0.016","0.012",,"0.012","0.043","0.016",,"0.027","-0.024","0.02",,"-0.098","0.036","0.027"
DilutedEPS,,"0.17","0.19","0.2","0.18","0.18","0.12","0.19","0.2","0.2","-0.02","0.16","0.14","0.16","0.18","0.15","0.15","0.14","0.14","0.15","0.14","0.12","0.12","0.11","0.04","0.098","0.094","0.106","0.102","0.098","0.078","0.09","0.086","0.071",,"0.075","0.071","0.067",,"0.059","0.055","0.047","0.039",,"0.027","-0.314","0.02",,"0.02","0.016","0.012",,"0.011","0.042","0.016",,"0.027","-0.024","0.02",,"-0.098","0.036","0.027"
BasicAverageShares,,"233,262,860","256,559,205","261,678,994","263,035,892","267,664,063","274,909,840","280,755,898","284,502,818","287,685,531","288,739,899","289,715,414","291,127,119","291,185,408","290,751,171","292,000,061","298,417,609","309,166,680","317,826,651","324,065,364","333,277,572","344,237,371","344,075,778","343,493,691","347,912,065","343,943,811","294,113,919","275,514,064","274,712,968","274,124,936","273,980,636","273,894,100","273,805,900","273,507,418",,"274,370,463","276,631,570","276,773,027",,"280,163,387","280,910,335","280,874,564","279,998,086",,"265,692,076","265,074,200","264,675,640",,"262,529,448","265,629,728","272,168,752",,"283,404,215","284,954,095","286,229,082",,"286,016,715","209,907,500","296,503,004",,"296,503,004","296,744,444","296,744,444"
DilutedAverageShares,,"233,632,841","257,006,084","261,812,970","263,477,477","268,269,730","275,249,994","281,172,921","285,733,542","289,131,916","288,739,899","290,890,307","293,130,285","293,407,422","292,623,922","294,174,812","301,509,608","312,154,256","321,234,483","327,193,519","336,452,548","347,470,957","347,226,527","346,773,543","351,507,786","348,116,488","297,930,647","279,072,188","277,842,685","277,109,479","276,696,292","276,104,837","274,311,476","273,962,338",,"275,180,626","277,262,265","277,150,648",,"280,872,588","281,511,987","281,014,720","280,241,445",,"265,783,672","265,074,200","265,436,775",,"262,855,996","266,091,510","272,544,252",,"283,606,853","284,959,932","286,229,082",,"286,016,715","209,907,500","296,503,004",,"296,503,004","296,744,444","296,744,444"
NetIncomeFromContinuingAndDiscontinuedOperation,"186,838,000","39,512,000","48,730,000","51,972,000","46,624,000","48,158,000","33,330,000","54,224,000","57,097,000","57,925,000","-4,754,000","45,845,000","39,633,000","46,020,000","60,702,000","43,441,000","44,355,000","43,626,000","44,402,000","48,794,000","46,362,000","41,947,000","43,077,000","39,041,000","15,186,000","34,418,000","27,507,000","29,281,000","28,076,000","27,167,000","21,371,000","24,489,000","23,972,000","18,935,000","21,082,000","19,967,000","19,623,000","18,214,000","16,875,000","16,558,000","15,276,000","13,310,000","10,473,000","5,472,000","7,078,000","-82,959,000","5,491,000","4,216,000","5,004,000","3,957,000","2,852,000","2,901,000","2,994,000","12,020,000","4,351,000","6,280,000","7,712,000","-4,939,000","5,961,000","6,999,000","-28,956,000","10,773,000","8,042,000"
NormalizedIncome,"185,703,010.467","38,971,800","48,560,158.695","51,717,104","46,423,366","47,998,064","32,883,668.232","54,214,406","56,959,184","57,811,321","-4,586,000","45,569,818","39,477,826.184","45,910,703.756","60,583,437.144","43,419,790","44,275,090","43,768,829","44,085,994.481","48,228,853","46,211,465","41,902,000","43,026,339.998","38,871,359","27,237,937.6","34,337,539.8","27,036,378.397","29,135,026.6","27,733,445.2","27,211,870","21,405,886.518","24,519,895.213","24,016,480.765","18,935,000","21,103,938.87","19,967,000","19,691,813.908","18,214,000","16,875,000","16,558,000","15,276,000","13,310,000","10,473,000","5,472,000","7,078,000","-82,882,300","5,380,543.676","4,132,306.198","4,855,948.919","3,859,907.54","2,794,160.24","2,777,128.099","2,893,853.816","12,097,400","4,297,211.945","6,241,146.206","7,650,552.433","-4,980,787.221","5,912,459.708","6,999,000","-28,956,000","10,773,000","8,042,000"
InterestIncome,"1,040,101,000","256,099,000","260,380,000","264,554,000","259,068,000","256,217,000","254,421,000","244,026,000","238,402,000","231,567,000","230,317,000","225,764,000","215,508,000","210,094,000","208,080,000","198,374,000","194,960,000","192,107,000","188,138,000","186,897,000","181,529,000","175,159,000","171,090,000","167,058,000","164,089,000","158,625,000","146,043,000","137,397,000","132,194,000","129,434,000","134,229,000","120,460,000","122,937,000","119,825,000","119,487,000","119,424,000","118,677,000","112,598,000","109,027,000","108,539,000","105,093,000","103,068,000","97,606,000","92,354,000","92,079,000","94,499,000","87,448,000","83,207,000","76,995,000","77,797,000","74,808,000","71,387,000","69,298,000","69,973,000","69,031,000","65,042,000","61,901,000","61,925,000","57,200,000","55,658,000","57,724,000","56,653,000","56,489,000"
InterestExpense,"374,423,000","82,816,000","91,605,000","100,102,000","99,900,000","93,539,000","85,115,000","77,100,000","67,101,000","59,083,000","55,627,000","54,853,000","48,452,000","42,975,000","39,369,000","38,768,000","37,655,000","37,544,000","37,322,000","35,623,000","32,977,000","30,718,000","30,918,000","29,213,000","29,326,000","29,435,000","27,791,000","26,973,000","27,485,000","27,393,000","28,643,000","29,938,000","31,377,000","33,485,000","35,909,000","36,374,000","36,262,000","35,943,000","38,453,000","38,978,000","40,724,000","41,138,000","47,176,000","50,034,000","51,591,000","51,591,000","48,708,000","49,382,000","50,867,000","54,041,000","53,405,000","50,187,000","47,668,000","48,979,000","46,564,000","40,436,000","34,530,000","34,196,000","32,634,000","30,165,000","32,533,000","32,379,000","31,602,000"
NetInterestIncome,"665,678,000","173,283,000","168,775,000","164,452,000","159,168,000","162,678,000","169,306,000","166,926,000","171,301,000","172,484,000","174,690,000","170,911,000","167,056,000","167,119,000","168,711,000","159,606,000","157,305,000","154,563,000","150,816,000","151,274,000","148,552,000","144,441,000","140,172,000","137,845,000","134,763,000","129,190,000","118,252,000","110,424,000","104,709,000","102,041,000","105,586,000","90,522,000","91,560,000","86,340,000","83,578,000","83,050,000","82,415,000","76,655,000","70,574,000","69,561,000","64,369,000","61,930,000","50,430,000","42,320,000","40,488,000","42,908,000","38,740,000","33,825,000","26,128,000","23,756,000","21,403,000","21,200,000","21,630,000","20,994,000","22,467,000","24,606,000","27,371,000","27,729,000","24,566,000","25,493,000","25,191,000","24,274,000","24,887,000"
ReconciledDepreciation,,,"10,443,000","10,115,000","9,903,000","8,246,000","3,951,000","5,052,000","4,993,000","5,082,000","5,324,000","4,995,000","4,819,000","4,710,000","5,145,000","4,782,000","4,648,000","4,496,000","4,714,000","4,648,000","4,261,000","3,657,000","4,646,000","4,620,000","4,004,000","3,687,000","2,997,000","2,593,000","2,581,000","2,484,000","2,639,000","2,108,000","2,028,000","1,937,000","1,838,000","1,984,000","2,396,000","1,726,000","1,870,000","2,338,000","304,000","1,199,000","1,094,000","1,166,000","624,000","384,000","621,000","1,772,000","1,612,000","1,334,000","1,424,000","2,847,000","990,000","1,192,000","1,152,000","1,237,000","1,137,000","366,000","1,584,000","7,172,000","1,259,000","256,000","764,000"
NetIncomeFromContinuingOperationNetMinorityInterest,"186,838,000","39,512,000","48,730,000","51,972,000","46,624,000","48,158,000","33,330,000","54,224,000","57,097,000","57,925,000","-4,754,000","45,845,000","39,633,000","46,020,000","60,702,000","43,441,000","44,355,000","43,626,000","44,402,000","48,794,000","46,362,000","41,947,000","43,077,000","39,041,000","15,186,000","34,418,000","27,507,000","29,281,000","28,076,000","27,167,000","21,371,000","24,489,000","23,972,000","18,935,000","21,082,000","19,967,000","19,623,000","18,214,000","16,875,000","16,558,000","15,276,000","13,310,000","10,473,000","5,472,000","7,078,000","-82,959,000","5,491,000","4,216,000","5,004,000","3,957,000","2,852,000","2,901,000","2,994,000","12,020,000","4,351,000","6,280,000","7,712,000","-4,939,000","5,961,000","6,999,000","-28,956,000","10,773,000","8,042,000"
TotalUnusualItemsExcludingGoodwill,"1,661,000","740,000","282,000","358,000","281,000","224,000","573,000","13,000","184,000","153,000","-280,000","446,000","251,000","174,000","163,000","35,000","131,000","-233,000","490,000","830,000","238,000","72,000","76,000","270,000","-19,667,000","131,000","763,000","226,000","532,000","-70,000","-58,000","-51,000","-71,000",,"-35,000","0","-106,000",,,,,,,,,"-118,000","184,000","139,000","234,000","151,000","81,000","155,000","135,000","-129,000","83,000","57,000","93,000","67,000","77,000",,,,
TotalUnusualItems,"1,661,000","740,000","282,000","358,000","281,000","224,000","573,000","13,000","184,000","153,000","-280,000","446,000","251,000","174,000","163,000","35,000","131,000","-233,000","490,000","830,000","238,000","72,000","76,000","270,000","-19,667,000","131,000","763,000","226,000","532,000","-70,000","-58,000","-51,000","-71,000",,"-35,000","0","-106,000",,,,,,,,,"-118,000","184,000","139,000","234,000","151,000","81,000","155,000","135,000","-129,000","83,000","57,000","93,000","67,000","77,000",,,,
TaxRateForCalcs,"0.317","0.27","0.398","0.288","0.286","0.286","0.221","0.262","0.251","0.257","0.4","0.383","0.382","0.372","0.273","0.394","0.39","0.387","0.355","0.319","0.368","0.375","0.333","0.372","0.387","0.386","0.383","0.354","0.356","0.359","0.399","0.394","0.374","0.382","0.373","0.383","0.351","0.371","0.36","0.382","0.338","0.35","0.35","0.35","0.35","0.35","0.4","0.398","0.367","0.357","0.286","0.201","0.258","0.4","0.352","0.318","0.339","0.376","0.37","0.361","0.338","0.255","0.32"
TaxEffectOfUnusualItems,"526,010.467","199,800","112,158.695","103,104","80,366","64,064","126,668.232","3,406","46,184","39,321","-112,000","170,818","95,826.184","64,703.756","44,437.144","13,790","51,090","-90,171","173,994.481","264,853","87,465","27,000","25,339.998","100,359","-7,615,062.4","50,539.8","292,378.397","80,026.6","189,445.2","-25,130","-23,113.482","-20,104.787","-26,519.235","0","-13,061.13","0","-37,186.092","0","0","0","0","0","0","0","0","-41,300","73,543.676","55,306.198","85,948.919","53,907.54","23,160.24","31,128.099","34,853.816","-51,600","29,211.945","18,146.206","31,552.433","25,212.779","28,459.708","0","0","0","0"