name,ttm,03/31/2020,12/31/2019,09/30/2019,06/30/2019,03/31/2019,12/31/2018,09/30/2018,06/30/2018,03/31/2018,12/31/2017,09/30/2017,06/30/2017,03/31/2017,12/31/2016,09/30/2016,06/30/2016,03/31/2016,12/31/2015,09/30/2015,06/30/2015,03/31/2015,12/31/2014,09/30/2014,06/30/2014,03/31/2014,12/31/2013,09/30/2013,06/30/2013,03/31/2013,12/31/2012,09/30/2012,06/30/2012,03/31/2012,12/31/2011,09/30/2011,06/30/2011,03/31/2011,12/31/2010,09/30/2010,06/30/2010,03/31/2010,12/31/2009,09/30/2009,06/30/2009,03/31/2009,12/31/2008,09/30/2008,06/30/2008,03/31/2008,12/31/2007,09/30/2007,06/30/2007,03/31/2007,12/31/2006,09/30/2006,06/30/2006,03/31/2006,12/31/2005,09/30/2005,06/30/2005,03/31/2005,12/31/2004,09/30/2004,06/30/2004,03/31/2004,12/31/2003,09/30/2003,06/30/2003,03/31/2003,12/31/2002,09/30/2002,06/30/2002,03/31/2002,12/31/2001,09/30/2001,06/30/2001,03/31/2001
TotalRevenue,"98,250,000,000","12,137,000,000","32,149,000,000","25,648,000,000","27,291,000,000","27,034,000,000","28,726,000,000","26,905,000,000","20,026,000,000","25,891,000,000","24,156,000,000","28,431,000,000","25,451,000,000","28,406,000,000","28,214,000,000","26,959,000,000","30,733,000,000","28,857,000,000","26,771,000,000","16,078,000,000","25,978,000,000","18,943,000,000","21,457,000,000","21,286,000,000","22,560,000,000","21,924,000,000","20,146,000,000","19,575,000,000","17,973,000,000","18,909,000,000","17,065,000,000","19,883,000,000","19,241,000,000","20,836,000,000","23,621,310,000","17,367,000,000","18,879,000,000","17,053,023,000","25,803,598,000","13,555,402,000","19,896,312,000","15,219,688,000","36,047,634,000","16,351,767,000","17,160,723,000","14,965,876,000","10,275,469,168","8,197,602,192","10,571,776,307.94","8,754,138,385","11,171,023,993.6","9,498,083,525.7","8,792,861,548.4","8,137,745,660.1","9,514,755,082.5","7,895,996,140","6,881,347,447.8","6,936,928,058.25","7,520,169,930","6,394,845,105","6,366,641,652","5,278,626,675.7","7,316,698,966.51","4,953,238,818.5","3,821,216,693.52","4,283,803,076.93","5,667,792,675.6","3,967,544,927.08","5,459,570,782.56","5,545,238,786.91","3,736,960,558.34","3,980,225,807.04","3,530,167,645.8","3,446,057,163.2","1,992,968,829.5","2,790,237,336","3,075,397,511.4","3,289,323,354.83"
	OperatingRevenue,"98,250,000,000","12,137,000,000","32,149,000,000","25,648,000,000","27,291,000,000","27,034,000,000","28,726,000,000","26,905,000,000","20,026,000,000","25,891,000,000","24,156,000,000","28,431,000,000","25,451,000,000","28,406,000,000","28,214,000,000","26,959,000,000","30,733,000,000","28,857,000,000","26,771,000,000","16,078,000,000","25,978,000,000","18,943,000,000","21,457,000,000","21,286,000,000","22,560,000,000","21,924,000,000","20,146,000,000","19,575,000,000","17,973,000,000","18,909,000,000","17,065,000,000","19,883,000,000","19,241,000,000","20,836,000,000","23,621,310,000","17,367,000,000","18,879,000,000","17,053,023,000","25,803,598,000","13,555,402,000","19,896,312,000","15,219,688,000","36,047,634,000","16,351,767,000","17,160,723,000","14,965,876,000","10,275,469,168","8,197,602,192","10,571,776,307.94","8,754,138,385","11,171,023,993.6","9,498,083,525.7","8,792,861,548.4","8,137,745,660.1","9,514,755,082.5","7,895,996,140","6,881,347,447.8","6,936,928,058.25","7,520,169,930","6,394,845,105","6,366,641,652","5,278,626,675.7","7,316,698,966.51","4,953,238,818.5","3,821,216,693.52","4,283,803,076.93","5,667,792,675.6","3,967,544,927.08","5,459,570,782.56","5,545,238,786.91","3,736,960,558.34","3,980,225,807.04","3,530,167,645.8","3,446,057,163.2","1,992,968,829.5","2,790,237,336","3,075,397,511.4","3,289,323,354.83"
PretaxIncome,"12,418,000,000","-9,287,000,000","7,819,000,000","4,295,000,000","9,591,000,000","9,538,000,000","10,378,000,000","8,292,000,000","2,375,000,000","9,563,000,000","4,884,000,000","10,143,000,000","7,779,000,000","9,405,000,000","8,074,000,000","7,154,000,000","12,289,000,000","10,675,000,000","7,596,000,000","-1,354,000,000","9,150,000,000","2,873,000,000","7,472,000,000","6,772,000,000","7,370,000,000","7,194,000,000","5,993,000,000","6,043,000,000","4,019,000,000","4,810,000,000","4,013,000,000","4,696,000,000","3,374,000,000","5,333,000,000","5,152,487,000","2,903,000,000","4,429,000,000","5,212,596,000","2,554,616,000","6,659,384,000","3,006,441,000","4,607,559,000","8,584,094,000","4,876,686,000","6,296,741,000","3,703,479,000","-3,887,453,848","1,304,352,712","3,484,736,147.08","2,801,407,091","1,536,225,057.7","3,690,380,350.3","3,389,551,143.4","2,961,362,075.1","4,424,405,560","-610,872,879","2,224,042,558.71","2,210,091,849.21","1,564,178,662.5","2,110,010,512.5","2,420,501,076","1,678,862,313.66","2,240,320,165.34","1,548,768,241.95","1,330,111,948.44","1,299,587,410.93","1,088,966,260.32","1,145,269,865.6","1,282,005,107.04","1,283,255,918.16","677,820,077.06","847,021,849.42","490,479,232.2","621,659,175.2","-267,691,463.5","539,262,205","776,387,476.5","702,783,901.52"
TaxProvision,"-12,170,000,000","-12,965,000,000","-896,000,000","-1,210,000,000","2,901,000,000","2,635,000,000","3,521,000,000","1,961,000,000","-3,519,000,000","3,006,000,000","-796,000,000","4,225,000,000","987,000,000","3,527,000,000","2,134,000,000","1,532,000,000","5,967,000,000","4,977,000,000","2,455,000,000","-10,652,000,000","3,216,000,000","-2,910,000,000","1,039,000,000","788,000,000","2,527,000,000","2,593,000,000","1,047,000,000","1,724,000,000","252,000,000","1,320,000,000","1,083,000,000","1,242,000,000","46,000,000","1,854,000,000","2,224,376,000","-687,000,000","925,000,000","1,469,675,000","978,512,000","2,205,488,000","692,052,000","1,060,948,000","2,686,675,000","1,918,273,000","3,161,677,000","1,082,375,000","-2,756,617,144","-567,279,856","1,267,201,736.08","761,529,529","503,454,149.5","1,270,233,223","1,274,777,599.6","1,062,917,969.7","1,592,480,061","-682,354,919","736,350,905.85","737,997,021.78","-46,878,525","620,543,632.5","961,810,227","536,499,697.02","358,188,337.77","483,302,165.49","443,683,261.8","425,845,780.26","99,326,929.52","362,076,755.6","517,709,969.76","564,167,944.83","-541,262,279.56","241,601,208.64","74,447,275","137,622,647.2","-15,559,788.5","74,937,075","17,777,506.8","76,759,011.35"
EarningsFromEquityInterestNetOfTax,,,,,,,,,,,,,,,,,,,,,,,,,,,,,,,,,,,,,,"-35,090,000",,,,"-62,492,000",,,,"-405,855,000",,,,,,,,,,,,,,,,,,,,,,,,,,,,,,,,
NetIncomeCommonStockholders,"25,433,000,000","1,759,000,000","8,674,000,000","5,165,000,000","6,527,000,000","3,439,000,000","6,653,000,000","6,125,000,000","5,740,000,000","6,389,000,000","5,485,000,000","6,048,000,000","6,369,000,000","6,001,000,000","5,992,000,000","5,561,000,000","5,999,000,000","5,711,000,000","5,020,000,000","9,202,000,000","5,845,000,000","5,673,000,000","6,345,000,000","5,893,000,000","4,766,000,000","4,551,000,000","4,908,000,000","4,286,000,000","3,748,000,000","3,482,000,000","2,919,000,000","3,308,000,000","3,122,000,000","3,285,000,000","2,897,119,000","3,391,000,000","3,322,000,000","3,530,301,000","1,633,839,000","4,027,161,000","2,171,810,000","3,234,190,000","7,231,180,000","2,268,088,000","2,570,895,000","2,014,837,000","-1,159,836,704","1,871,632,568","2,217,534,411","2,039,877,562","1,061,258,588.2","2,420,147,127.3","2,114,773,543.8","1,898,444,105.4","2,831,925,499","71,482,040","1,487,691,652.86","1,472,094,827.43","1,613,392,177.5","1,489,466,880","1,458,690,849","1,142,362,616.64","1,882,131,827.57","1,065,466,076.46","886,428,686.64","873,741,630.67","989,639,330.8","783,193,110","764,295,137.28","719,087,973.33","1,229,701,816.62","605,420,640.78","416,031,957.2","484,036,528","-252,131,675","464,325,130","758,609,969.7","626,024,890.17"
	NetIncome,"23,825,000,000","3,459,000,000","8,674,000,000","5,165,000,000","6,527,000,000","6,747,000,000","6,653,000,000","6,125,000,000","5,740,000,000","6,389,000,000","5,485,000,000","6,048,000,000","6,369,000,000","6,001,000,000","5,992,000,000","5,561,000,000","5,999,000,000","5,711,000,000","5,020,000,000","9,202,000,000","5,845,000,000","5,673,000,000","6,345,000,000","5,893,000,000","4,766,000,000","4,551,000,000","4,908,000,000","4,286,000,000","3,748,000,000","3,482,000,000","2,919,000,000","3,308,000,000","3,122,000,000","3,285,000,000","2,897,119,000","3,391,000,000","3,322,000,000","3,530,301,000","1,633,839,000","4,027,161,000","2,171,810,000","3,234,190,000","7,231,180,000","2,268,088,000","2,570,895,000","2,014,837,000","-1,159,836,704","1,871,632,568","2,217,534,411","2,039,877,562","1,061,258,588.2","2,420,147,127.3","2,114,773,543.8","1,898,444,105.4","2,831,925,499","71,482,040","1,487,691,652.86","1,472,094,827.43","1,613,392,177.5","1,489,466,880","1,458,690,849","1,142,362,616.64","1,882,131,827.57","1,065,466,076.46","886,428,686.64","873,741,630.67","989,639,330.8","783,193,110","764,295,137.28","719,087,973.33","1,229,701,816.62","605,420,640.78","416,031,957.2","484,036,528","-252,131,675","464,325,130","758,609,969.7","626,024,890.17"
		NetIncomeIncludingNoncontrollingInterests,"24,588,000,000","3,678,000,000","8,715,000,000","5,505,000,000","6,690,000,000","6,903,000,000","6,857,000,000","6,331,000,000","5,894,000,000","6,557,000,000","5,680,000,000","5,918,000,000","6,792,000,000","5,878,000,000","5,940,000,000","5,622,000,000","6,322,000,000","5,698,000,000","5,141,000,000","9,298,000,000","5,934,000,000","5,783,000,000","6,433,000,000","5,984,000,000","4,843,000,000","4,601,000,000","4,946,000,000","4,319,000,000","3,767,000,000","3,490,000,000","2,930,000,000","3,454,000,000","3,328,000,000","3,479,000,000","3,091,467,000","3,590,000,000","3,504,000,000","3,707,831,000","1,744,604,000","4,285,396,000","2,376,881,000","3,484,119,000","7,135,417,000","2,487,764,000","2,773,570,000","2,215,249,000","-1,287,461,848","2,000,477,076","2,165,637,929.34","2,126,682,498","1,147,686,565.6","2,411,050,664.4","2,186,793,253.6","1,905,773,552.7","2,779,195,844","86,401,536","1,494,862,127.43","1,470,460,516.92","1,757,182,072.5","1,465,490,070","1,358,714,259","1,180,434,962.84","1,909,435,465.9","995,185,933.03","970,951,242.66","880,957,490.79","1,066,633,292.6","828,116,430.4","666,587,725.92","716,638,857.57","864,471,678.7","842,282,737.28","555,210,623.2","491,502,123.2","-393,320,161","540,235,481","789,671,694","656,202,407"
			NetIncomeContinuousOperations,"24,588,000,000","3,678,000,000","8,715,000,000","5,505,000,000","6,690,000,000","6,903,000,000","6,857,000,000","6,331,000,000","5,894,000,000","6,557,000,000","5,680,000,000","5,918,000,000","6,792,000,000","5,878,000,000","5,940,000,000","5,622,000,000","6,322,000,000","5,698,000,000","5,141,000,000","9,298,000,000","5,934,000,000","5,783,000,000","6,433,000,000","5,984,000,000","4,843,000,000","4,601,000,000","4,946,000,000","4,319,000,000","3,767,000,000","3,490,000,000","2,930,000,000","3,454,000,000","3,328,000,000","3,479,000,000","3,091,467,000","3,590,000,000","3,504,000,000","3,707,831,000","1,744,604,000","4,285,396,000","2,376,881,000","3,484,119,000","7,135,417,000","2,487,764,000","2,773,570,000","2,215,249,000","-1,130,836,704","1,871,632,568","2,217,534,411","2,039,877,562","1,032,770,908.2","2,420,147,127.3","2,114,773,543.8","1,898,444,105.4","2,831,925,499","71,482,040","1,487,691,652.86","1,472,094,827.43","1,611,057,187.5","1,489,466,880","1,458,690,849","1,142,362,616.64","1,882,131,827.57","1,065,466,076.46","886,428,686.64","873,741,630.67","989,639,330.8","783,193,110","764,295,137.28","719,087,973.33","1,219,082,356.62","605,420,640.78","416,031,957.2","484,036,528","-252,131,675","464,325,130","758,609,969.7","626,024,890.17"
		MinorityInterests,"-763,000,000","-219,000,000","-41,000,000","-340,000,000","-163,000,000","-156,000,000","-204,000,000","-206,000,000","-154,000,000","-168,000,000","-195,000,000","130,000,000","-423,000,000","123,000,000","52,000,000","-61,000,000","-323,000,000","13,000,000","-121,000,000","-96,000,000","-89,000,000","-110,000,000","-88,000,000","-91,000,000","-77,000,000","-50,000,000","-38,000,000","-33,000,000","-19,000,000","-8,000,000","-11,000,000","-146,000,000","-206,000,000","-194,000,000","-194,348,000","-199,000,000","-182,000,000","-177,530,000","-110,765,000","-258,235,000","-205,071,000","-249,929,000","95,763,000","-219,676,000","-202,675,000","-200,412,000","127,625,144","-128,844,508","51,896,481.66","-86,804,936","-86,427,977.4","9,096,462.9","-72,019,709.8","-7,329,447.3","52,729,655","-14,919,496","-7,170,474.57","1,634,310.51","-143,789,895","23,976,810","99,976,590","-38,072,346.2","-27,303,638.33","70,280,143.43","-84,522,556.02","-7,215,860.12","-76,993,961.8","-44,923,320.4","97,707,411.36","2,449,115.76","365,230,137.92","-236,862,096.5","-139,178,666","-7,465,595.2","141,188,486","-75,910,351","-31,061,724.3","-30,177,516.83"
	PreferredStockDividends,,"105,000,000",,,,"105,000,000",,,,,,,,,,,,,,,,,,,,,,,,,,,,,,,,,,,,,,,,,,,,,,,,,,,,,,,,,,,,,,,,,,,,,,,,
	OtherunderPreferredStockDividend,,"1,595,000,000",,,,"3,203,000,000",,,,,,,,,,,,,,,,,,,,,,,,,,,,,,,,,,,,,,,,,,,,,,,,,,,,,,,,,,,,,,,,,,,,,,,,
AverageDilutionEarnings,,"-5,000,000",,,,,,,,,,,,,,,,,,,,,,,,,,,,,,,,,,,,,,,,,,,,,,,,,,,,,,,,,,,,,,,,,,,,,,,,,,,,
DilutedNIAvailtoComStockholders,"25,441,000,000","1,754,000,000","8,674,000,000","5,165,000,000","6,527,000,000","3,439,000,000","6,653,000,000","6,125,000,000","5,740,000,000","6,389,000,000","5,485,000,000","6,048,000,000","6,369,000,000","6,001,000,000","5,992,000,000","5,561,000,000","5,999,000,000","5,711,000,000","5,020,000,000","9,202,000,000","5,845,000,000","5,673,000,000","6,345,000,000","5,893,000,000","4,766,000,000","4,551,000,000","4,908,000,000","4,286,000,000","3,748,000,000","3,482,000,000","2,919,000,000","3,308,000,000","3,122,000,000","3,285,000,000","2,897,119,000","3,391,000,000","3,322,000,000","3,530,301,000","1,633,839,000","4,027,161,000","2,171,810,000","3,234,190,000","7,231,180,000","2,268,088,000","2,570,895,000","2,014,837,000","-1,159,836,704","1,871,632,568","2,217,534,411","2,039,877,562","1,061,258,588.2","2,420,147,127.3","2,114,773,543.8","1,898,444,105.4","2,831,925,499","71,482,040","1,487,691,652.86","1,472,094,827.43","1,613,392,177.5","1,489,466,880","1,458,690,849","1,142,362,616.64","1,882,131,827.57","1,065,466,076.46","886,428,686.64","873,741,630.67","989,639,330.8","783,193,110","764,295,137.28","719,087,973.33","1,229,701,816.62","605,420,640.78","416,031,957.2","484,036,528","-252,131,675","464,325,130","758,609,969.7","626,024,890.17"
BasicEPS,,"0.35",,"0.53","0.67","0.69",,"0.633","0.593","0.66",,"0.62","0.66","0.613",,"0.567","0.612","0.582",,"0.933","0.588","0.573",,"0.595","0.479","0.461",,"0.431","0.376","0.351",,"0.332","0.314","0.332",,"0.342","0.332","0.355",,,,"0.323",,,,"0.203",,"0.264","0.243","0.285",,"0.417","0.364","0.329",,"-0.021","0.278","0.275",,"0.281","0.27","0.208",,"0.194","0.164","0.159",,"0.141","0.155","0.13",,"0.113","0.077","0.09",,"0.086","0.257","0.114"
DilutedEPS,,"0.35",,"0.53","0.67","0.69",,"0.627","0.587","0.653",,"0.613","0.66","0.613",,"0.567","0.612","0.582",,"0.927","0.588","0.567",,"0.59","0.479","0.456",,"0.431","0.376","0.351",,"0.332","0.314","0.332",,"0.342","0.332","0.355",,,,"0.323",,,,"0.203",,"0.264","0.243","0.285",,"0.417","0.364","0.329",,"-0.021","0.278","0.275",,"0.281","0.27","0.208",,"0.194","0.164","0.159",,"0.141","0.155","0.13",,"0.113","0.077","0.09",,"0.086","0.257","0.114"
BasicAverageShares,,"9,751,154,194",,"9,743,996,211","9,743,145,531","9,728,586,278",,"9,713,946,768","9,725,935,261","9,714,380,920",,"9,750,111,832","9,760,718,133","9,786,906,204",,"10,273,035,036","9,784,047,477","9,782,329,334",,"9,846,579,273","9,914,323,943","9,925,685,510",,"9,931,904,940","9,923,387,555","9,913,174,765",,"9,897,616,917","9,929,176,296","9,929,774,902",,"9,922,053,364","9,923,954,834","9,920,196,143",,"9,920,152,484","9,970,769,261","9,986,434,788",,,,"9,948,266,098",,,,"9,899,282,386",,"7,184,654,435","7,208,064,105","7,208,064,105",,"5,796,387,487","5,798,415,296","5,796,340,676",,"5,684,563,442","5,353,056,543","5,352,053,035",,"5,382,343,891","5,433,215,843","5,492,326,617",,"5,471,718,402","5,467,347,510","5,512,143,282",,"5,534,959,555","5,526,836,763","5,513,264,197",,"5,373,386,089","5,377,255,903","5,380,870,686",,"5,448,706,816","5,454,628,001","5,483,059,356"
DilutedAverageShares,,"9,778,828,656",,"9,805,176,693","9,804,660,944","9,764,883,346",,"9,713,946,768","9,797,093,358","9,761,612,799",,"9,829,142,550","9,841,601,934","9,786,906,204",,"10,273,035,036","9,784,047,477","9,782,329,334",,"9,924,585,775","9,963,054,890","9,966,616,811",,"9,981,946,383","9,959,044,600","9,941,043,394",,"9,928,728,648","9,967,593,332","9,960,308,037",,"9,949,762,919","9,977,628,692","9,950,340,926",,"9,947,964,046","9,998,555,133","9,986,434,788",,,,"9,948,266,098",,,,"9,899,282,386",,"7,184,654,435","7,208,064,105","7,208,064,105",,"5,796,387,487","5,798,415,296","5,796,340,676",,"5,684,563,442","5,353,056,543","5,352,053,035",,"5,382,343,891","5,433,215,843","5,492,326,617",,"5,471,718,402","5,467,347,510","5,512,143,282",,"5,534,959,555","5,526,836,763","5,513,264,197",,"5,373,386,089","5,377,255,903","5,380,870,686",,"5,448,706,816","5,454,628,001","5,483,059,356"
NetIncomeFromContinuingAndDiscontinuedOperation,"23,825,000,000","3,459,000,000","8,674,000,000","5,165,000,000","6,527,000,000","6,747,000,000","6,653,000,000","6,125,000,000","5,740,000,000","6,389,000,000","5,485,000,000","6,048,000,000","6,369,000,000","6,001,000,000","5,992,000,000","5,561,000,000","5,999,000,000","5,711,000,000","5,020,000,000","9,202,000,000","5,845,000,000","5,673,000,000","6,345,000,000","5,893,000,000","4,766,000,000","4,551,000,000","4,908,000,000","4,286,000,000","3,748,000,000","3,482,000,000","2,919,000,000","3,308,000,000","3,122,000,000","3,285,000,000","2,897,119,000","3,391,000,000","3,322,000,000","3,530,301,000","1,633,839,000","4,027,161,000","2,171,810,000","3,234,190,000","7,231,180,000","2,268,088,000","2,570,895,000","2,014,837,000","-1,159,836,704","1,871,632,568","2,217,534,411","2,039,877,562","1,032,770,908.2","2,420,147,127.3","2,114,773,543.8","1,898,444,105.4","2,831,925,499","71,482,040","1,487,691,652.86","1,472,094,827.43","1,611,057,187.5","1,489,466,880","1,458,690,849","1,142,362,616.64","1,882,131,827.57","1,065,466,076.46","886,428,686.64","873,741,630.67","989,639,330.8","783,193,110","764,295,137.28","719,087,973.33","1,219,082,356.62","605,420,640.78","416,031,957.2","484,036,528","-252,131,675","464,325,130","758,609,969.7","626,024,890.17"
NormalizedIncome,"24,360,200,000","3,533,400,000","8,538,700,000","5,438,900,000","6,639,999,687.207","6,880,167,540.365","7,134,007,515.899","6,117,364,930.053","5,771,680,000","6,412,312,558.82","5,424,280,000","5,932,500,000","6,462,423,833.398","6,002,874,960.128","5,900,038,147.139","5,491,058,987.979","5,987,780,000","5,672,060,000","4,969,916,535.018","9,195,400,000","5,828,138,360.656","5,663,760,000","5,333,386,643.469","5,877,094,506.793","4,766,000,000","4,561,872,532.666","4,874,162,856.666","4,228,823,101.109","3,738,627,021.647","3,498,688,149.688","-3,948,575,380.015","5,082,808,773.424","4,053,129,816.242","4,091,960,997.562","3,737,727,340","5,023,840,000","4,222,327,839.241","4,273,921,872.987","5,553,248,112.515","4,027,332,216.643","5,222,002,081.296","3,935,216,892.783","14,576,823,399.732","2,268,088,000","2,570,895,000","2,651,318,406.444","-1,159,836,704","1,871,632,568","2,217,534,411","2,039,877,562","1,032,770,908.2","2,420,147,127.3","2,114,773,543.8","1,898,444,105.4","2,831,925,499","71,482,040","1,487,691,652.86","1,472,094,827.43","1,611,057,187.5","1,496,792,706.936","1,498,469,265.684","1,239,242,657.638","1,882,131,827.57","1,275,693,025.611","886,642,503.874","870,494,396.209","989,639,330.8","788,949,555.621","817,437,959.136","1,040,207,419.506","1,219,082,356.62","605,420,640.78","435,023,875.294","484,036,528","-252,131,675","435,388,667.835","521,636,816.581","648,727,298.576"
InterestIncome,"139,866,000,000","33,917,000,000","32,921,000,000","37,463,000,000","35,565,000,000","34,334,000,000","33,513,000,000","34,468,000,000","32,971,000,000","32,225,000,000","32,281,000,000","35,623,000,000","36,516,000,000","40,270,000,000","42,719,000,000","40,862,000,000","39,207,000,000","38,707,000,000","38,609,000,000","40,219,000,000","33,994,000,000","34,967,000,000","32,704,000,000","30,708,000,000","29,233,000,000","27,470,000,000","26,104,000,000","24,269,000,000","22,402,000,000","21,352,000,000","23,115,000,000","23,371,000,000","23,529,000,000","39,732,000,000","22,198,207,000","26,780,000,000","24,148,000,000","22,361,060,000","20,803,801,000","21,022,199,000","18,168,046,000","18,374,954,000","130,931,631,000","-97,779,414,000","18,426,278,000","20,988,505,000","11,931,642,740","17,689,281,012","6,518,743,602.46","12,330,680,641","10,626,570,082.7","8,044,488,127.9","7,936,258,429.6","7,468,480,517.7","5,835,262,249","12,731,275,849","6,579,658,385.79","5,910,805,802.94","7,591,545,030","5,654,127,847.5","3,544,145,640","5,012,101,563.21","3,191,223,563.57","3,398,585,540.33","5,088,033,902.13","4,486,756,381.83","6,645,599,822.76","3,711,724,985.92","2,046,325,779.84","3,947,890,500.87","-6,635,441,351.1","10,949,660,622.96","6,678,638,280.4","3,035,186,145.6","-2,234,635,689.5","4,795,910,676","3,268,860,184.2","3,681,267,358.66"
InterestExpense,"86,978,000,000","29,744,000,000","13,991,000,000","22,883,000,000","20,360,000,000","18,724,000,000","19,815,000,000","17,489,000,000","16,877,000,000","16,431,000,000","15,483,000,000","19,195,000,000","19,470,000,000","24,177,000,000","24,724,000,000","25,009,000,000","22,707,000,000","22,686,000,000","21,977,000,000","18,095,000,000","19,199,000,000","15,793,000,000","21,861,000,000","21,621,000,000","15,310,000,000","14,185,000,000","13,776,000,000","12,501,000,000","11,590,000,000","8,494,000,000","11,053,000,000","10,924,000,000","12,707,000,000","26,766,000,000","14,940,460,000","19,433,000,000","12,046,000,000","10,480,769,000","9,376,292,000","9,895,708,000","7,281,677,000","8,270,323,000","8,699,086,000","7,082,338,000","5,715,947,000","10,378,629,000","7,826,966,252","12,684,181,640","309,331,247.62","6,813,852,052","4,950,718,532.7","3,071,128,174.8","2,548,027,748","2,307,804,948.3","2,278,456,229","7,678,873,770.5","2,366,537,504.31","1,508,311,497.45","5,901,126,442.5","1,697,624,527.5","523,712,763","1,947,993,219.27","1,549,086,636.47","430,665,692.36","2,759,378,560.47","2,067,204,935.1","4,902,418,935.64","943,890,162.04","723,282,254.88","949,308,218.94","-7,932,462,260.42","8,293,966,163.38","4,942,321,982.4","1,408,752,905.6","-3,662,263,432","3,344,272,110.5","1,854,298,899","2,214,829,259.1"
NetInterestIncome,"52,888,000,000","4,173,000,000","18,930,000,000","14,580,000,000","15,205,000,000","15,610,000,000","13,698,000,000","16,979,000,000","16,094,000,000","15,794,000,000","16,798,000,000","16,428,000,000","17,046,000,000","16,093,000,000","17,995,000,000","15,853,000,000","16,500,000,000","16,021,000,000","16,632,000,000","22,124,000,000","14,795,000,000","19,174,000,000","10,843,000,000","9,087,000,000","13,923,000,000","13,285,000,000","12,328,000,000","11,768,000,000","10,812,000,000","12,858,000,000","12,062,000,000","12,447,000,000","10,822,000,000","12,966,000,000","7,257,747,000","7,347,000,000","12,102,000,000","11,880,291,000","11,427,509,000","11,126,491,000","10,886,369,000","10,104,631,000","75,878,717,000","-58,507,924,000","12,710,331,000","10,609,876,000","4,104,676,488","5,005,099,372","6,828,074,850.08","5,516,828,589","5,675,851,550","4,973,359,953.1","5,388,230,681.6","5,160,675,569.4","3,556,806,020","5,052,402,078.5","4,213,120,881.48","4,402,494,305.49","1,690,418,587.5","3,956,503,320","4,067,858,403","3,064,108,343.94","1,642,136,927.1","2,967,919,847.97","2,328,655,341.66","2,419,551,446.73","1,743,180,887.12","2,767,834,823.88","2,769,608,034.72","2,998,582,281.93","1,297,020,909.32","2,655,694,459.58","1,736,316,298","1,626,433,240","1,427,627,742.5","1,451,638,565.5","1,414,561,285.2","1,466,438,099.56"
ReconciledDepreciation,"3,603,000,000","886,000,000","960,000,000","883,000,000","874,000,000","844,000,000","922,000,000","909,000,000","877,000,000","859,000,000","768,000,000","810,000,000","771,000,000","820,000,000","837,000,000","821,000,000","847,000,000","728,000,000","743,000,000","704,000,000","714,000,000","667,000,000","682,000,000","641,000,000","606,000,000","615,000,000","601,000,000","576,000,000","594,000,000","562,000,000","563,000,000","539,000,000","575,000,000","513,000,000","550,690,000","549,548,000","544,748,000","523,014,000","4,398,708,000","-1,346,708,000","2,509,293,000","506,707,000","2,716,282,000","554,810,000","586,981,000","1,054,927,000","1,516,371,292","158,234,410.82","144,108,765.18","138,285,532","1,126,578,985.6","154,525,458.2","174,193,109.6","166,719,726.6","-1,892,922,598.5","2,822,516,997.24","139,632,630.42","139,900,470.84","613,615,875","141,272,784","148,681,403.5","144,840,447.5","433,862,974.11","138,312,887.63","142,374,822.69","132,726,075.57","116,123,351.28","122,112,362","141,081,965.76","734,357,940.96","290,363,426.42","131,015,644.78","155,125,950.4","127,919,158.4",,,,
NetIncomeFromContinuingOperationNetMinorityInterest,"23,825,000,000","3,459,000,000","8,674,000,000","5,165,000,000","6,527,000,000","6,747,000,000","6,653,000,000","6,125,000,000","5,740,000,000","6,389,000,000","5,485,000,000","6,048,000,000","6,369,000,000","6,001,000,000","5,992,000,000","5,561,000,000","5,999,000,000","5,711,000,000","5,020,000,000","9,202,000,000","5,845,000,000","5,673,000,000","6,345,000,000","5,893,000,000","4,766,000,000","4,551,000,000","4,908,000,000","4,286,000,000","3,748,000,000","3,482,000,000","2,919,000,000","3,308,000,000","3,122,000,000","3,285,000,000","2,897,119,000","3,391,000,000","3,322,000,000","3,530,301,000","1,633,839,000","4,027,161,000","2,171,810,000","3,234,190,000","7,231,180,000","2,268,088,000","2,570,895,000","2,014,837,000","-1,159,836,704","1,871,632,568","2,217,534,411","2,039,877,562","1,032,770,908.2","2,420,147,127.3","2,114,773,543.8","1,898,444,105.4","2,831,925,499","71,482,040","1,487,691,652.86","1,472,094,827.43","1,611,057,187.5","1,489,466,880","1,458,690,849","1,142,362,616.64","1,882,131,827.57","1,065,466,076.46","886,428,686.64","873,741,630.67","989,639,330.8","783,193,110","764,295,137.28","719,087,973.33","1,219,082,356.62","605,420,640.78","416,031,957.2","484,036,528","-252,131,675","464,325,130","758,609,969.7","626,024,890.17"
TotalUnusualItemsExcludingGoodwill,"-892,000,000","-124,000,000","205,000,000","-415,000,000","-162,000,000","-184,000,000","-728,000,000","10,000,000","-48,000,000","-34,000,000","92,000,000","175,000,000","-107,000,000","-3,000,000","125,000,000","89,000,000","17,000,000","59,000,000","74,000,000","10,000,000","26,000,000","14,000,000","1,175,000,000","18,000,000","0","-17,000,000","41,000,000","80,000,000","10,000,000","-23,000,000","9,406,000,000","-2,413,000,000","-944,000,000","-1,237,000,000","-1,273,649,000","-2,474,000,000","-1,138,000,000","-1,035,607,000","-6,352,744,000","-256,000","-3,962,265,000","-910,735,000","-10,692,083,000",,,"-899,314,000",,,,,,,,,,,,,,"-10,377,922.5","-66,006,927","-142,378,827.36",,"-305,587,225.76","-320,838.96","4,829,877.48",,"-8,417,698.8","-88,571,369.76","-535,199,076.96",,,"-22,390,446.8",,,"33,606,495.5","242,526,457.2","-25,486,026.84"
TotalUnusualItems,"-892,000,000","-124,000,000","205,000,000","-415,000,000","-162,000,000","-184,000,000","-728,000,000","10,000,000","-48,000,000","-34,000,000","92,000,000","175,000,000","-107,000,000","-3,000,000","125,000,000","89,000,000","17,000,000","59,000,000","74,000,000","10,000,000","26,000,000","14,000,000","1,175,000,000","18,000,000","0","-17,000,000","41,000,000","80,000,000","10,000,000","-23,000,000","9,406,000,000","-2,413,000,000","-944,000,000","-1,237,000,000","-1,273,649,000","-2,474,000,000","-1,138,000,000","-1,035,607,000","-6,352,744,000","-256,000","-3,962,265,000","-910,735,000","-10,692,083,000",,,"-899,314,000",,,,,,,,,,,,,,"-10,377,922.5","-66,006,927","-142,378,827.36",,"-305,587,225.76","-320,838.96","4,829,877.48",,"-8,417,698.8","-88,571,369.76","-535,199,076.96",,,"-22,390,446.8",,,"33,606,495.5","242,526,457.2","-25,486,026.84"
TaxRateForCalcs,"0.4","0.4","0.34","0.34","0.302","0.276","0.339","0.236","0.34","0.314","0.34","0.34","0.127","0.375","0.264","0.214","0.34","0.34","0.323","0.34","0.351","0.34","0.139","0.116","0.343","0.36","0.175","0.285","0.063","0.274","0.27","0.264","0.014","0.348","0.34","0.34","0.209","0.282","0.383","0.331","0.23","0.23","0.313","0.393","0.34","0.292","0.34","0.34","0.364","0.272","0.328","0.344","0.376","0.359","0.36","0.4","0.331","0.334","0.4","0.294","0.397","0.32","0.16","0.312","0.334","0.328","0.091","0.316","0.4","0.4","0.4","0.285","0.152","0.221","0.058","0.139","0.023","0.109"
TaxEffectOfUnusualItems,"-356,800,000","-49,600,000","69,700,000","-141,100,000","-49,000,312.793","-50,832,459.635","-246,992,484.101","2,364,930.053","-16,320,000","-10,687,441.18","31,280,000","59,500,000","-13,576,166.602","-1,125,039.872","33,038,147.139","19,058,987.979","5,780,000","20,060,000","23,916,535.018","3,400,000","9,138,360.656","4,760,000","163,386,643.469","2,094,506.793","0","-6,127,467.334","7,162,856.666","22,823,101.109","627,021.647","-6,311,850.312","2,538,424,619.985","-638,191,226.576","-12,870,183.758","-430,039,002.438","-433,040,660","-841,160,000","-237,672,160.759","-291,986,127.013","-2,433,334,887.485","-84,783.357","-912,072,918.704","-209,708,107.217","-3,346,439,600.268","0","0","-262,832,593.556","0","0","0","0","0","0","0","0","0","0","0","0","0","-3,052,095.564","-26,228,510.316","-45,498,786.362","0","-95,360,276.609","-107,021.726","1,582,643.019","0","-2,661,253.179","-35,428,547.904","-214,079,630.784","0","0","-3,398,528.706","0","0","4,670,033.335","5,553,304.081","-2,783,618.434"