name,ttm,03/31/2019,03/31/2018,03/31/2017,03/31/2016,03/31/2015,03/31/2014,03/31/2013,03/31/2012,03/31/2011,03/31/2010,03/31/2009,03/31/2008,03/31/2007,03/31/2006,03/31/2005,03/31/2004,03/31/2003,03/31/2002,03/31/2001,03/31/2000,03/31/1999,03/31/1998
TotalRevenue,"1,356,730,000,000","1,296,564,000,000","1,298,405,000,000","1,219,070,000,000","1,098,220,000,000","1,264,942,000,000","1,186,871,000,000","804,156,000,000","861,821,000,000","846,607,000,000","868,763,000,000","969,539,000,000","1,103,200,733,760","1,092,783,468,000","922,080,993,300","882,526,437,800","676,918,300,150","608,387,895,540","566,727,344,560","487,540,370,820","484,619,391,000.8","451,875,665,160","82,316,000,000"
	NetInterestIncome,"153,479,000,000","149,556,000,000","137,289,000,000","127,674,000,000","128,068,000,000","114,236,000,000","105,304,000,000","109,044,000,000","385,376,000,000","97,625,000,000","102,779,000,000","92,060,000,000","120,350,983,880","119,705,445,120","98,987,760,450","79,352,316,400","57,026,691,850","58,986,610,000","32,828,718,130","2,648,305,170","-13,323,674,230.8","-33,857,329,645","-43,715,000,000"
		InterestIncome,"253,446,000,000","242,893,000,000","214,104,000,000","200,584,000,000","200,889,000,000","186,883,000,000","188,163,000,000","210,319,000,000","496,244,000,000","221,128,000,000","185,282,000,000","196,601,000,000","225,944,763,440","201,119,286,240","161,605,463,850","135,864,033,620","117,598,004,400","129,652,568,780","122,941,555,750","113,877,122,310","98,033,804,197","107,776,585,750","95,033,000,000"
			InterestIncomeFromLoansAndLease,,,,,,"171,506,000,000","188,163,000,000","210,319,000,000","496,244,000,000","221,128,000,000","50,115,000,000",,"225,944,763,440","201,119,286,240","161,605,463,850","135,864,033,620","116,659,722,450","129,180,675,900","121,612,457,850","111,354,926,910","94,274,042,655","101,036,083,260",
				InterestIncomeFromLoans,,,,,,"110,390,000,000","130,680,000,000","155,963,000,000","147,888,000,000","169,808,000,000",,,"225,944,763,440","201,119,286,240","161,605,463,850","135,864,033,620","116,659,722,450","129,180,675,900","121,612,457,850","111,354,926,910","94,274,042,655","101,036,083,260",
				InterestIncomeFromLeases,,,,,,"61,116,000,000","57,483,000,000","54,356,000,000","348,356,000,000","51,320,000,000","50,115,000,000",,,,,,,,,,,,
			InterestIncomeFromSecurities,,,,,,"12,391,000,000",,,,,,,,,,,,,,,,,
			InterestIncomeFromDeposits,,,,,,,,,,,,,,,,,"834,028,400","471,892,880","1,329,097,900","2,522,195,400","3,759,761,542","6,728,593,475",
			OtherInterestIncome,,,,,,"2,986,000,000",,,,,"135,167,000,000",,,,,,"104,253,550",,,,,"11,909,015",
		InterestExpense,"99,967,000,000","93,337,000,000","76,815,000,000","72,910,000,000","72,821,000,000","72,647,000,000","82,859,000,000","101,275,000,000","110,868,000,000","123,503,000,000","82,503,000,000","104,541,000,000","105,593,779,560","81,413,841,120","62,617,703,400","56,511,717,220","60,571,312,550","70,665,958,780","90,112,837,620","111,228,817,140","111,357,478,427.8","141,633,915,395","138,748,000,000"
	NonInterestIncome,"1,203,251,000,000","1,147,008,000,000","1,161,116,000,000","1,091,396,000,000","970,152,000,000","1,150,706,000,000","1,081,567,000,000","695,112,000,000","476,445,000,000","748,982,000,000","765,984,000,000","877,479,000,000","982,849,749,880","973,078,022,880","823,093,232,850","803,174,121,400","619,891,608,300","549,401,285,540","533,898,626,430","484,892,065,650","497,943,065,231.6","485,732,994,805","126,031,000,000"
		TotalPremiumsEarned,"409,772,000,000","347,136,000,000","351,590,000,000","295,940,000,000","189,421,000,000","351,493,000,000","155,406,000,000","138,726,000,000","128,307,000,000","118,473,000,000","115,598,000,000","117,751,000,000","128,028,718,560","132,547,860,000","138,418,081,200","136,829,129,360","134,070,065,300","135,905,149,440","151,915,889,970","161,168,286,060","199,243,625,598.2","197,356,196,580","126,031,000,000"
		FeesAndCommissions,"293,579,000,000","310,474,000,000","312,262,000,000","286,626,000,000","289,799,000,000","339,872,000,000","117,525,000,000","59,519,000,000","26,911,000,000","21,120,000,000","23,317,000,000","-12,330,000,000",,,,,,,,,,,
			FeesandCommissionIncome,"794,175,000,000","818,794,000,000","795,058,000,000","737,903,000,000","735,186,000,000","765,548,000,000","153,675,000,000","89,188,000,000","26,911,000,000","21,120,000,000","23,317,000,000","-12,330,000,000",,,,,,,,,,,
				ServiceChargeOnDepositorAccounts,"794,175,000,000","818,794,000,000","795,058,000,000","737,903,000,000","735,186,000,000","765,548,000,000",,"54,374,000,000",,,,,,,,,,,,,,,
				TrustFeesbyCommissions,,,,,,,"126,492,000,000",,,,,,,,,,,,,,,,
				SecuritiesActivities,,,,,,,"27,183,000,000","34,814,000,000","26,911,000,000","21,120,000,000","23,317,000,000","-12,330,000,000",,,,,,,,,,,
			FeesandCommissionExpense,"500,596,000,000","508,320,000,000","482,796,000,000","451,277,000,000","445,387,000,000","425,676,000,000","36,150,000,000","29,669,000,000",,,,,,,,,,,,,,,
		ForeignExchangeTradingGains,,,,,,,"-723,000,000","-488,000,000","-195,000,000",,"938,000,000",,,,,,,,,,,,
		GainLossonSaleofAssets,"96,155,000,000","75,480,000,000","117,599,000,000","110,175,000,000","117,022,000,000","96,246,000,000","-6,037,000,000","-17,664,000,000","63,244,000,000","59,844,000,000","64,997,000,000","93,703,000,000","23,432,047,400","70,574,371,680","48,964,219,200","38,711,062,460","25,959,133,950","10,617,589,800","18,341,551,020","12,232,647,690","18,258,425,475.8","3,667,976,620",
			GainOnSaleOfSecurity,"38,260,000,000","14,576,000,000","42,056,000,000","23,720,000,000","31,271,000,000","47,398,000,000","-7,989,000,000","-22,838,000,000","0",,"0",,"23,432,047,400","70,574,371,680","48,964,219,200","33,885,583,760","25,959,133,950","10,617,589,800","18,341,551,020","12,232,647,690","19,069,666,726.8","7,419,316,345",
			GainonSaleofInvestmentProperty,"57,895,000,000","60,904,000,000","75,543,000,000","86,455,000,000","85,751,000,000","48,848,000,000","1,952,000,000","5,174,000,000","63,244,000,000","59,844,000,000","64,997,000,000","93,703,000,000",,,,"4,825,478,700",,,,,"-811,241,251","-3,751,339,725",
		OtherNonInterestIncome,"403,745,000,000","413,918,000,000","379,665,000,000","398,655,000,000","373,910,000,000","363,095,000,000","815,396,000,000","515,019,000,000","258,178,000,000","549,545,000,000","561,134,000,000","678,355,000,000","831,388,983,920","769,955,791,200","635,710,932,450","627,633,929,580","459,862,409,050","402,878,546,300","363,641,185,440","311,491,131,900","280,441,014,157.6","284,708,821,605",
CreditLossesProvision,"-24,174,000,000","-22,525,000,000","-17,265,000,000","-22,667,000,000","-11,717,000,000","-11,631,000,000","-13,834,000,000","-10,016,000,000","-19,215,000,000","0","0",,"-33,103,998,880","-13,784,977,440","-16,478,343,000","-39,568,925,340","-49,520,436,250","-53,677,815,100","-51,170,269,150","-45,399,517,200","-44,114,877,938.8","-52,780,754,480",
NonInterestExpense,"1,020,706,000,000","940,882,000,000","938,991,000,000","862,441,000,000","789,043,000,000","937,921,000,000","948,638,000,000","635,351,000,000","686,164,000,000","700,923,000,000","717,683,000,000","817,089,000,000","821,517,610,760","763,593,493,920","652,895,490,150","688,863,892,640","507,714,788,500","445,466,878,720","442,323,781,120","381,860,383,560","390,121,756,077","371,620,813,075","138,893,000,000"
	OccupancyAndEquipment,,,,,,,,,,"188,671,000,000","192,678,000,000","197,401,000,000",,,,,,,,,,,
		NetOccupancyExpense,,,,,,,,,,"188,671,000,000","192,678,000,000","197,401,000,000",,,,,,,,,,,
	SellingGeneralAndAdministration,"1,013,895,000,000","935,970,000,000","933,860,000,000","857,061,000,000","783,933,000,000","933,210,000,000","634,369,000,000","566,825,000,000","536,093,000,000","543,910,000,000","362,166,000,000","355,404,000,000","264,632,569,360","252,960,227,040","190,560,266,550","181,437,999,120","161,697,256,050","141,567,864,000","125,998,480,920","102,905,572,320","88,050,758,758","82,851,017,355","79,671,000,000"
		GeneralAndAdministrativeExpense,"938,013,000,000","856,955,000,000","851,010,000,000","780,332,000,000","713,554,000,000","870,213,000,000","590,450,000,000","536,976,000,000","476,559,000,000","484,980,000,000","315,409,000,000","355,404,000,000","264,632,569,360","252,960,227,040","190,560,266,550","181,437,999,120","161,697,256,050","141,567,864,000","125,998,480,920","102,905,572,320","88,050,758,758","82,851,017,355","79,671,000,000"
			SalariesAndWages,"257,173,000,000","248,519,000,000","241,508,000,000","236,818,000,000","246,909,000,000","265,159,000,000","196,654,000,000","138,262,000,000",,,,,"264,632,569,360","252,960,227,040","190,560,266,550","181,437,999,120","161,697,256,050","141,567,864,000","125,998,480,920","102,905,572,320","88,050,758,758","82,851,017,355",
			RentAndLandingFees,"263,137,000,000","257,321,000,000","252,327,000,000","243,537,000,000","245,069,000,000","238,157,000,000","215,889,000,000","197,484,000,000","189,333,000,000",,,,,,,,,,,,,,
			InsuranceAndClaims,"302,871,000,000","246,533,000,000","255,070,000,000","200,158,000,000","121,282,000,000","271,948,000,000","108,343,000,000","98,599,000,000","95,353,000,000","91,497,000,000","92,348,000,000","105,899,000,000",,,,,,,,,,,
			OtherGandA,"114,832,000,000","104,582,000,000","102,105,000,000","99,819,000,000","100,294,000,000","94,949,000,000","69,564,000,000","102,631,000,000","381,206,000,000","393,483,000,000","223,061,000,000","249,505,000,000",,,,,,,,,,,
		SellingAndMarketingExpense,"75,882,000,000","79,015,000,000","82,850,000,000","76,729,000,000","70,379,000,000","62,997,000,000","43,919,000,000","29,849,000,000","59,534,000,000","58,930,000,000","46,757,000,000",,,,,,,,,,,,
	DepreciationAmortizationDepletionIncomeStatement,"6,811,000,000","4,912,000,000","5,131,000,000","5,380,000,000","5,110,000,000","4,711,000,000","3,494,000,000","2,994,000,000",,,,,,,,,,,,,,,"59,222,000,000"
		DepreciationAndAmortizationInIncomeStatement,"6,811,000,000","4,912,000,000","5,131,000,000","5,380,000,000","5,110,000,000","4,711,000,000","3,494,000,000","2,994,000,000",,,,,,,,,,,,,,,"59,222,000,000"
			DepreciationIncomeStatement,"6,811,000,000","4,912,000,000","5,131,000,000","5,380,000,000","5,110,000,000","4,711,000,000","3,494,000,000","2,994,000,000",,,,,,,,,,,,,,,"59,222,000,000"
	OtherNonInterestExpense,,,,,,,"310,775,000,000","65,532,000,000","150,071,000,000","157,013,000,000","162,839,000,000","264,284,000,000","556,885,041,400","510,633,266,880","462,335,223,600","507,425,893,520","346,017,532,450","303,899,014,720","316,325,300,200","278,954,811,240","302,070,997,319","288,769,795,720",
IncomefromAssociatesandOtherParticipatingInterests,"70,690,000,000","32,978,000,000","50,103,000,000","26,520,000,000","45,694,000,000","30,531,000,000","17,825,000,000","18,293,000,000","1,972,000,000","16,806,000,000","8,550,000,000","-42,937,000,000",,,,,,,,,,,
SpecialIncomeCharges,"69,408,000,000","30,896,000,000","43,678,000,000","60,087,000,000","44,419,000,000","21,770,000,000","41,502,000,000","-4,564,000,000","-28,320,000,000","-70,525,000,000","102,146,000,000","-99,442,000,000",,,,,"-17,618,849,950","-63,823,512,020","-398,729,370",,,,
	GainOnSaleOfBusiness,"71,332,000,000","33,314,000,000","49,203,000,000","63,419,000,000","57,867,000,000","20,575,000,000","64,923,000,000","14,553,000,000","3,317,000,000","1,199,000,000","17,487,000,000",,,,,,,,,,,,
	ImpairmentOfCapitalAssets,"2,860,000,000","2,418,000,000","5,525,000,000","3,332,000,000","13,448,000,000","1,195,000,000","23,421,000,000","19,117,000,000","15,167,000,000",,,,,,,,,,,,,,
	WriteOff,,,,,,,,,"31,637,000,000","40,602,000,000","30,614,000,000","22,414,000,000",,,,,,,,,,,
	OtherSpecialCharges,,,,,,,,,,"31,122,000,000","-71,532,000,000","77,028,000,000",,,,,,,,,,,
OtherNonOperatingIncomeExpenses,"-928,000,000","-1,301,000,000","-429,000,000","4,396,000,000","3,729,000,000","-23,674,000,000",,,"-3,317,000,000","-1,199,000,000","-17,487,000,000",,,,,,,,,,,,
PretaxIncome,"451,020,000,000","395,730,000,000","435,501,000,000","424,965,000,000","391,302,000,000","344,017,000,000","283,726,000,000","172,518,000,000","130,484,000,000","91,965,000,000","55,608,000,000","10,071,000,000","244,690,401,360","310,692,183,840","249,411,491,550","154,093,619,820","102,064,225,450","45,419,689,700","72,834,564,920","60,280,470,060","50,382,756,985","27,462,188,590","38,412,000,000"
TaxProvision,"115,200,000,000","68,691,000,000","113,912,000,000","144,039,000,000","120,312,000,000","89,057,000,000","97,236,000,000","53,656,000,000","44,631,000,000","27,617,000,000","23,353,000,000","-1,990,000,000","98,514,309,920","126,067,742,400","97,928,438,400","68,736,263,260","51,501,253,700","20,763,286,720","32,828,718,130","25,474,173,540","20,721,125,800.4","1,702,989,145","14,681,000,000"
NetIncomeCommonStockholders,"331,857,000,000","323,745,000,000","313,135,000,000","273,239,000,000","260,169,000,000","234,948,000,000","186,794,000,000","111,909,000,000","86,150,000,000","67,275,000,000","37,757,000,000","21,924,000,000","167,913,054,560","196,170,832,800","166,666,669,200","91,362,396,720","54,003,338,900","29,729,251,440","40,138,756,580","34,806,296,520","29,661,631,184.6","25,759,199,445","23,731,000,000"
	NetIncome,"332,186,000,000","324,149,000,000","313,587,000,000","273,671,000,000","260,988,000,000","239,918,000,000","190,902,000,000","115,894,000,000","86,150,000,000","67,275,000,000","37,757,000,000","21,924,000,000","167,913,054,560","196,170,832,800","166,666,669,200","91,362,396,720","54,003,338,900","29,729,251,440","40,138,756,580","34,806,296,520","29,661,631,184.6","25,759,199,445","23,731,000,000"
		NetIncomeIncludingNoncontrollingInterests,"335,820,000,000","327,039,000,000","321,589,000,000","280,926,000,000","270,990,000,000","255,257,000,000","193,991,000,000","119,058,000,000","88,542,000,000","72,607,000,000","40,937,000,000","23,797,000,000","171,801,777,320","200,883,645,600","169,962,337,800","91,362,396,720","54,003,338,900","29,729,251,440","40,138,756,580","34,806,296,520","29,661,631,184.6","25,759,199,445","23,731,000,000"
			NetIncomeContinuousOperations,"335,820,000,000","327,039,000,000","321,589,000,000","280,926,000,000","270,990,000,000","254,960,000,000","186,490,000,000","118,862,000,000","85,853,000,000","64,348,000,000","32,255,000,000","10,188,000,000","146,176,091,440","184,624,441,440","151,483,053,150","85,357,356,560","50,562,971,750","24,656,402,980","40,005,846,790","34,806,296,520","29,661,631,184.6","25,759,199,445","23,731,000,000"
			NetIncomeDiscontinuousOperations,,,,"0","0","297,000,000","7,501,000,000","196,000,000","2,689,000,000","8,259,000,000","8,682,000,000","11,736,000,000","21,736,963,120","10,957,289,760","15,183,616,050","6,005,040,160","2,814,845,850",,,,,,
			NetIncomeExtraordinary,,,,,,,,,,,"0","0",,"589,101,600",,,,"1,887,571,520","132,909,790",,,,
			NetIncomeFromTaxLossCarryforward,,,,,,,,,,,,,,,,,"625,521,300","3,185,276,940",,,,,
		MinorityInterests,"-3,634,000,000","-2,890,000,000","-8,002,000,000","-7,255,000,000","-10,002,000,000","-15,339,000,000","-3,089,000,000","-3,164,000,000","-2,392,000,000","-5,332,000,000","-3,180,000,000","-1,873,000,000","-3,888,722,760","-4,712,812,800","-3,295,668,600",,,,,,,,
DilutedNIAvailtoComStockholders,"331,857,000,000","323,745,000,000","313,135,000,000","273,239,000,000","260,169,000,000","234,948,000,000","186,794,000,000","111,909,000,000","86,150,000,000","67,275,000,000","37,757,000,000","21,924,000,000","167,913,054,560","196,170,832,800","166,666,669,200","91,362,396,720","54,003,338,900","29,729,251,440","40,138,756,580","34,806,296,520","29,661,631,184.6","25,759,199,445","23,731,000,000"
BasicEPS,,"1,264.6","1,222","1,044.4","993.65","896.2","707.75","515.3","390.92","274.745","185.26","123.295","931.958","1,086.202","939.649","545.297","323.438","179.795","245.287","210.201","192.99","166.138","152.667"
DilutedEPS,,"1,263.5","1,220.75","1,043.4","992.6","894.95","686","437.65","327.235","232.775","157.955","116.905","910.511","1,048.199","892.969","502.368","304.398","169.603","234.215","201.759","188.857","166.138","152.667"
BasicAverageShares,,"256,004,000","256,247,600","261,621,000","261,827,200","261,828,800","253,616,200","217,576,600","215,018,000","214,978,000","203,802,000","177,820,000","180,172,247","180,602,519","177,371,105","167,545,972","166,966,567","165,350,588","163,640,181","165,585,462","153,695,557","155,047,465","155,443,231"
DilutedAverageShares,,"256,225,400","256,510,400","261,876,400","262,102,600","262,201,800","262,051,000","259,212,800","264,086,000","264,016,000","247,302,000","190,892,000","184,416,348","187,150,337","186,643,385","181,863,395","177,410,232","175,287,642","171,375,327","172,514,610","157,058,754","155,047,465","155,443,231"
RentExpenseSupplemental,"263,137,000,000","257,321,000,000","252,327,000,000","243,537,000,000","245,069,000,000","238,157,000,000","215,889,000,000","197,484,000,000","189,333,000,000",,,,,,,,,,,,,,
InterestIncomeAfterProvisionForLoanLoss,"129,305,000,000","127,031,000,000","120,024,000,000","105,007,000,000","116,351,000,000","102,605,000,000","91,470,000,000","99,028,000,000","366,161,000,000","97,625,000,000","102,779,000,000","92,060,000,000","87,246,985,000","105,920,467,680","82,509,417,450","39,783,391,060","7,506,255,600","5,308,794,900","-18,341,551,020","-42,751,212,030","-57,438,552,169.6","-86,638,084,125","-43,715,000,000"
NetIncomeFromContinuingAndDiscontinuedOperation,"332,186,000,000","324,149,000,000","313,587,000,000","273,671,000,000","260,988,000,000","239,918,000,000","190,902,000,000","115,894,000,000","86,150,000,000","67,275,000,000","37,757,000,000","21,924,000,000","167,913,054,560","195,581,731,200","166,666,669,200","91,362,396,720","53,377,817,600","24,656,402,980","40,005,846,790","34,806,296,520","29,661,631,184.6","25,759,199,445","23,731,000,000"
NormalizedIncome,"237,398,865,371.824","248,283,687,286.786","225,550,090,397.037","176,798,415,453.037","170,840,829,016.974","187,284,152,460.489","154,839,160,549.262","115,277,720,261.074","60,482,472,579.014","66,489,506,094.71","-87,925,100,000","14,205,300,000","146,176,091,440","184,624,441,440","151,483,053,150","82,462,069,340","61,134,281,720","62,950,510,192","40,245,084,412","34,806,296,520","30,148,375,935.2","29,277,910,557.392","23,731,000,000"
TotalMoneyMarketInvestments,,,,,,,,,,,,,,,,,"834,028,400","471,892,880","1,329,097,900","2,522,195,400","3,759,761,542","6,728,593,475",
ReconciledDepreciation,"301,440,000,000","295,589,000,000","279,923,000,000","253,677,000,000","244,853,000,000","229,583,000,000","206,640,000,000","178,840,000,000","168,233,000,000","168,442,000,000","167,266,000,000","189,215,000,000","167,913,054,560","153,284,236,320","136,887,949,350","132,003,650,660","121,455,385,750","115,967,675,260","116,694,795,620","105,553,877,490","90,221,021,767.8","84,947,003,995","85,630,000,000"
NetIncomeFromContinuingOperationNetMinorityInterest,"332,186,000,000","324,149,000,000","313,587,000,000","273,671,000,000","260,988,000,000","239,621,000,000","183,401,000,000","115,698,000,000","83,461,000,000","59,016,000,000","29,075,000,000","10,188,000,000","146,176,091,440","184,624,441,440","151,483,053,150","85,357,356,560","50,562,971,750","24,656,402,980","40,005,846,790","34,806,296,520","29,661,631,184.6","25,759,199,445","23,731,000,000"
TotalUnusualItemsExcludingGoodwill,"127,303,000,000","91,800,000,000","119,221,000,000","146,542,000,000","130,170,000,000","70,618,000,000","43,454,000,000","610,000,000","34,924,000,000","-10,681,000,000","167,143,000,000","-5,739,000,000",,,,"4,825,478,700","-17,618,849,950","-63,823,512,020","-398,729,370",,"-811,241,251","-3,751,339,725",
TotalUnusualItems,"127,303,000,000","91,800,000,000","119,221,000,000","146,542,000,000","130,170,000,000","70,618,000,000","43,454,000,000","610,000,000","34,924,000,000","-10,681,000,000","167,143,000,000","-5,739,000,000",,,,"4,825,478,700","-17,618,849,950","-63,823,512,020","-398,729,370",,"-811,241,251","-3,751,339,725",
TaxRateForCalcs,"0.255","0.174","0.262","0.339","0.307","0.259","0.343","0.311","0.342","0.3","0.3","0.3","0.3","0.3","0.393","0.4","0.4","0.4","0.4","0.4","0.4","0.062","0.382"
TaxEffectOfUnusualItems,"32,515,865,371.824","15,934,687,286.786","31,184,090,397.037","49,669,415,453.037","40,022,829,016.974","18,281,152,460.489","14,892,160,549.262","189,720,261.074","11,945,472,579.014","-3,207,493,905.29","50,142,900,000","-1,721,700,000","0","0","0","1,930,191,480","-7,047,539,980","-25,529,404,808","-159,491,748","0","-324,496,500.4","-232,628,612.608","0"