name,ttm,12/31/2019,09/30/2019,06/30/2019,03/31/2019,12/31/2018,09/30/2018,06/30/2018,03/31/2018,12/31/2017,09/30/2017,06/30/2017,03/31/2017,12/31/2016,09/30/2016,06/30/2016,03/31/2016,12/31/2015,09/30/2015,06/30/2015,03/31/2015,12/31/2014,09/30/2014,06/30/2014,03/31/2014,12/31/2013,09/30/2013,06/30/2013,03/31/2013,12/31/2012,09/30/2012,06/30/2012,03/31/2012,12/31/2011,09/30/2011,06/30/2011,03/31/2011,12/31/2010,09/30/2010,06/30/2010,03/31/2010,12/31/2009,09/30/2009,06/30/2009,03/31/2009,12/31/2008,09/30/2008,06/30/2008,03/31/2008,12/31/2007,09/30/2007,06/30/2007,03/31/2007,12/31/2006,09/30/2006,06/30/2006,03/31/2006,12/31/2005,09/30/2005,06/30/2005,03/31/2005,12/31/2004,09/30/2004,06/30/2004,03/31/2004,12/31/2003,09/30/2003,06/30/2003,03/31/2003,12/31/2002,09/30/2002,06/30/2002,03/31/2002,12/31/2001,09/30/2001,06/30/2001,03/31/2001,12/31/2000,09/30/2000,06/30/2000,03/31/2000,12/31/1999,09/30/1999,06/30/1999
TotalRevenue,"1,356,730,000,000","342,461,000,000","336,552,000,000","318,056,000,000","359,661,000,000","270,330,000,000","343,637,000,000","322,936,000,000","302,156,000,000","332,977,000,000","329,768,000,000","333,504,000,000","317,456,000,000","331,406,000,000","298,014,000,000","272,194,000,000","234,296,000,000","302,411,000,000","236,355,000,000","325,158,000,000","316,177,000,000","381,819,000,000","458,790,000,000","375,978,000,000","329,437,000,000","316,870,000,000","291,970,000,000","249,918,000,000","150,964,000,000","227,942,000,000","233,937,000,000","221,220,000,000","234,625,000,000","204,691,000,000","209,875,000,000","214,370,000,000","98,166,000,000","239,455,000,000","216,797,000,000","201,501,000,000","234,002,000,000","254,206,000,000","220,232,000,000","215,203,000,000","249,446,000,000","220,514,000,000","266,186,290,560","260,089,212,290","317,686,023,080","250,810,331,640","269,022,767,970","276,741,171,630","277,236,796,970","284,625,907,230","270,761,531,140","262,597,340,900","288,658,296,790","211,062,158,990","223,646,886,540","207,087,789,360","303,622,257,400","200,902,939,600","202,597,116,120","184,665,582,480","189,304,340,480","162,359,255,540","168,376,445,800","157,964,073,120","158,928,348,740","147,998,571,700","147,967,877,760",,,,"141,452,515,520",,,,"115,298,603,303.76",,,,,
	OperatingRevenue,"1,356,730,000,000","342,461,000,000","336,552,000,000","318,056,000,000","359,661,000,000","270,330,000,000","343,637,000,000","322,936,000,000","302,156,000,000","332,977,000,000","329,768,000,000","333,504,000,000","317,456,000,000","331,406,000,000","298,014,000,000","272,194,000,000","234,296,000,000","302,411,000,000","236,355,000,000","325,158,000,000","316,177,000,000","381,819,000,000","458,790,000,000","375,978,000,000","329,437,000,000","316,870,000,000","291,970,000,000","249,918,000,000","150,964,000,000","227,942,000,000","233,937,000,000","221,220,000,000","234,625,000,000","204,691,000,000","209,875,000,000","214,370,000,000","98,166,000,000","239,455,000,000","216,797,000,000","201,501,000,000","234,002,000,000","254,206,000,000","220,232,000,000","215,203,000,000","249,446,000,000","220,514,000,000","266,186,290,560","260,089,212,290","317,686,023,080","250,810,331,640","269,022,767,970","276,741,171,630","277,236,796,970","284,625,907,230","270,761,531,140","262,597,340,900","288,658,296,790","211,062,158,990","223,646,886,540","207,087,789,360","303,622,257,400","200,902,939,600","202,597,116,120","184,665,582,480","189,304,340,480","162,359,255,540","168,376,445,800","157,964,073,120","158,928,348,740","147,998,571,700","147,967,877,760",,,,"141,452,515,520",,,,"115,298,603,303.76",,,,,
PretaxIncome,"451,020,000,000","121,829,000,000","129,769,000,000","98,860,000,000","100,562,000,000","74,223,000,000","109,991,000,000","110,954,000,000","75,013,000,000","107,876,000,000","117,001,000,000","135,611,000,000","90,869,000,000","114,861,000,000","100,801,000,000","118,434,000,000","56,630,000,000","83,927,000,000","126,829,000,000","123,916,000,000","62,350,000,000","79,342,000,000","91,688,000,000","111,316,000,000","104,417,000,000","57,026,000,000","60,377,000,000","63,228,000,000","37,963,000,000","46,610,000,000","40,694,000,000","47,467,000,000","27,972,000,000","26,739,000,000","37,160,000,000","39,185,000,000","17,398,000,000","22,398,000,000","28,149,000,000","24,635,000,000","17,911,000,000","13,894,000,000","11,464,000,000","12,837,000,000","-5,334,000,000","-63,152,000,000","27,763,060,560","49,915,038,700","74,242,203,610","46,943,110,200","56,376,516,890","69,831,884,430","67,492,381,050","94,518,180,820","71,054,246,620","78,447,090,500","57,365,005,530","59,409,214,310","75,002,837,140","58,565,802,240","42,355,468,020","43,607,635,000","32,574,006,720","37,085,373,160","16,809,530,500","26,809,652,500","32,671,720,940","25,868,263,680","-15,870,248,500","23,280,674,200","18,861,037,050",,,,"18,756,794,710",,,,"14,711,778,817.92",,,,,
TaxProvision,"115,200,000,000","35,684,000,000","38,009,000,000","28,956,000,000","12,551,000,000","-8,186,000,000","33,404,000,000","30,922,000,000","14,978,000,000","15,723,000,000","38,541,000,000","44,670,000,000","33,827,000,000","37,916,000,000","33,274,000,000","39,022,000,000","8,823,000,000","28,853,000,000","43,479,000,000","39,157,000,000","3,553,000,000","29,831,000,000","16,757,000,000","38,916,000,000","34,840,000,000","18,126,000,000","23,326,000,000","21,545,000,000","11,334,000,000","15,913,000,000","13,887,000,000","12,648,000,000","12,561,000,000","2,411,000,000","14,415,000,000","15,461,000,000","-880,000,000","8,468,000,000","10,245,000,000","10,064,000,000","7,686,000,000","5,787,000,000","4,656,000,000","5,411,000,000","-14,215,000,000","-20,728,000,000","12,927,837,360","20,390,824,320","28,323,183,240","19,559,629,250","23,193,597,580","28,573,187,280","24,764,251,370","39,640,496,490","29,507,577,500","32,524,049,200","18,794,892,500","24,684,941,930","30,750,028,540","23,958,737,280","19,074,862,460","19,802,996,600","14,196,104,280","16,313,214,000","12,037,445,220","12,332,440,150","15,276,538,460","11,736,527,040","-7,268,545,480","10,808,884,450","8,517,887,700",,,,"8,721,312,190",,,,"6,174,457,532.64",,,,,
NetIncomeCommonStockholders,"331,857,000,000","85,169,000,000","89,940,000,000","69,210,000,000","87,538,000,000","81,157,000,000","75,103,000,000","79,947,000,000","56,744,000,000","90,421,000,000","76,258,000,000","89,712,000,000","56,121,000,000","74,968,000,000","65,381,000,000","76,769,000,000","44,805,000,000","54,066,000,000","79,788,000,000","81,510,000,000","48,224,000,000","45,297,000,000","73,501,000,000","68,605,000,000","68,617,000,000","37,769,000,000","35,401,000,000","45,007,000,000","21,769,000,000","30,300,000,000","25,067,000,000","34,773,000,000","17,380,000,000","23,435,000,000","21,682,000,000","23,653,000,000","16,477,000,000","16,745,000,000","17,603,000,000","16,450,000,000","10,324,000,000","7,283,000,000","12,958,000,000","7,631,000,000","8,601,000,000","-41,943,000,000","23,418,459,480","32,285,471,840","49,549,355,270","28,277,635,430","46,042,735,790","45,692,467,590","45,227,440,760","59,639,305,530","44,261,366,250","46,839,211,700","40,525,434,840","42,165,187,890","46,295,245,920","37,934,667,360","24,668,366,720","24,625,488,000","19,258,281,000","23,491,028,160","8,212,452,430","14,477,212,350","17,395,182,480","14,131,736,640","-5,429,317,760","12,471,789,750","11,316,622,230","11,115,360,930","8,938,123,700","9,215,376,800","10,035,482,520","10,477,342,680","3,184,443,501.15","13,524,044,900","8,537,321,285.28","8,378,416,096.26","6,653,142,434.6","7,669,496,250","7,652,654,640","7,635,438,090"
	NetIncome,"332,186,000,000","85,206,000,000","89,953,000,000","69,519,000,000","87,508,000,000","81,506,000,000","75,137,000,000","79,998,000,000","56,908,000,000","90,561,000,000","76,356,000,000","89,762,000,000","56,329,000,000","75,044,000,000","65,464,000,000","76,834,000,000","44,814,000,000","53,611,000,000","79,992,000,000","82,571,000,000","49,850,000,000","46,613,000,000","74,542,000,000","69,592,000,000","70,023,000,000","39,051,000,000","36,152,000,000","45,676,000,000","23,311,000,000","31,256,000,000","25,067,000,000","34,773,000,000","17,380,000,000","23,435,000,000","21,682,000,000","23,653,000,000","16,477,000,000","16,745,000,000","17,603,000,000","16,450,000,000","10,324,000,000","7,283,000,000","12,958,000,000","7,631,000,000","8,601,000,000","-41,943,000,000","23,418,459,480","32,285,471,840","49,549,355,270","28,277,635,430","46,042,735,790","45,692,467,590","45,227,440,760","59,639,305,530","44,261,366,250","46,839,211,700","40,525,434,840","42,165,187,890","46,295,245,920","37,934,667,360","24,668,366,720","24,625,488,000","19,258,281,000","23,491,028,160","8,212,452,430","14,477,212,350","17,395,182,480","14,131,736,640","-5,429,317,760","12,471,789,750","11,316,622,230","11,115,360,930","8,938,123,700","9,215,376,800","10,035,482,520","10,477,342,680","3,184,443,501.15","13,524,044,900","8,537,321,285.28","8,378,416,096.26","6,653,142,434.6","7,669,496,250","7,652,654,640","7,635,438,090"
		NetIncomeIncludingNoncontrollingInterests,"335,820,000,000","86,145,000,000","91,760,000,000","69,904,000,000","88,011,000,000","82,409,000,000","76,587,000,000","80,032,000,000","60,035,000,000","92,153,000,000","78,460,000,000","90,941,000,000","57,042,000,000","76,945,000,000","67,527,000,000","79,412,000,000","47,807,000,000","55,074,000,000","83,350,000,000","84,759,000,000","58,797,000,000","49,511,000,000","75,163,000,000","72,465,000,000","70,062,000,000","39,884,000,000","38,015,000,000","46,030,000,000","24,063,000,000","31,781,000,000","27,267,000,000","35,947,000,000","17,082,000,000","24,019,000,000","22,849,000,000","24,592,000,000","20,023,000,000","17,466,000,000","18,251,000,000","16,867,000,000","11,096,000,000","9,353,000,000","13,301,000,000","7,187,000,000","9,340,000,000","-42,195,000,000","24,160,220,640","33,028,887,310","50,084,998,730","29,395,328,530","47,420,573,270","46,677,749,910","46,607,118,720","61,186,832,420","45,087,578,420","47,640,860,800","43,821,103,440","42,165,187,890","46,295,245,920","37,934,667,360","24,668,366,720","24,625,488,000","19,258,281,000","23,491,028,160","8,212,452,430","14,477,212,350","17,395,182,480","14,131,736,640","-5,429,317,760","12,471,789,750","9,613,044,690","11,115,360,930","8,938,123,700","9,215,376,800","10,274,422,580","10,477,342,680","3,184,443,501.15","13,524,044,900","8,537,321,285.28","8,378,416,096.26","6,653,142,434.6","7,669,496,250","7,652,654,640","7,635,438,090"
			NetIncomeContinuousOperations,"335,820,000,000","86,145,000,000","91,760,000,000","69,904,000,000","88,011,000,000","82,409,000,000","76,587,000,000","80,032,000,000","60,035,000,000","92,153,000,000","78,460,000,000","90,941,000,000","57,042,000,000","76,945,000,000","67,527,000,000","79,412,000,000","47,807,000,000","55,074,000,000","83,350,000,000","84,759,000,000","58,797,000,000","49,511,000,000","74,931,000,000","72,400,000,000","69,577,000,000","38,900,000,000","37,051,000,000","41,683,000,000","26,629,000,000","30,697,000,000","26,807,000,000","34,819,000,000","15,411,000,000","24,328,000,000","22,745,000,000","23,724,000,000","18,278,000,000","13,930,000,000","17,904,000,000","14,571,000,000","10,225,000,000","8,107,000,000","6,808,000,000","7,426,000,000","7,008,000,000","-42,424,000,000","14,835,223,200","29,524,214,380","45,919,020,370","27,383,480,950","33,182,919,310","41,258,697,150","42,728,129,680","54,877,684,330","41,546,669,120","45,923,041,300","38,570,113,030","34,724,272,380","44,252,808,600","34,607,064,960","23,280,605,560","23,804,638,400","18,377,902,440","20,772,159,160","4,772,085,280","14,477,212,350","17,395,182,480","14,131,736,640","-8,601,703,020","12,471,789,750","10,343,149,350","11,115,360,930","8,805,213,910","9,215,376,800","10,035,482,520","10,477,342,680","3,184,443,501.15","13,524,044,900","8,537,321,285.28","8,378,416,096.26","6,653,142,434.6","7,669,496,250","7,652,654,640","7,635,438,090"
			NetIncomeDiscontinuousOperations,,,,,,,,,,,,,,,,,"0","0","0","0","0","0","232,000,000","65,000,000","485,000,000","984,000,000","964,000,000","4,347,000,000","-2,566,000,000","1,084,000,000","460,000,000","1,128,000,000","1,671,000,000","-309,000,000","104,000,000","868,000,000","1,745,000,000","3,536,000,000","347,000,000","2,296,000,000","871,000,000","1,246,000,000","6,493,000,000","-239,000,000","459,000,000","229,000,000","8,583,236,280","2,761,257,460","3,630,334,900","894,154,480","12,859,816,480","4,433,770,440","2,505,412,130","4,761,621,200","2,124,545,580","916,170,400","1,955,321,810","7,440,915,510","2,042,437,320","3,327,602,400","1,387,761,160","820,849,600","880,378,560","2,718,869,000",,,,,,,,,,,,,,,,,,,,
			NetIncomeExtraordinary,,,,,,,,,,,,,,,,,,,,,,,,,,,,,,,,,,,,,,,,,,,,,,,,,,,,,"-6,101,050",,"590,151,550",,,,,,,,,,,,,,"-12,891,680",,"973,472,880",,,,,,,,,,,,,
		MinorityInterests,"-3,634,000,000","-939,000,000","-1,807,000,000","-385,000,000","-503,000,000","-903,000,000","-1,450,000,000","-34,000,000","-3,127,000,000","-1,592,000,000","-2,104,000,000","-1,179,000,000","-713,000,000","-1,901,000,000","-2,063,000,000","-2,578,000,000","-2,993,000,000","-1,463,000,000","-3,358,000,000","-2,188,000,000","-8,947,000,000","-2,898,000,000","-621,000,000","-2,873,000,000","-39,000,000","-833,000,000","-1,863,000,000","-354,000,000","-752,000,000","-525,000,000","-2,200,000,000","-1,174,000,000","298,000,000","-584,000,000","-1,167,000,000","-939,000,000","-3,546,000,000","-721,000,000","-648,000,000","-417,000,000","-772,000,000","-2,070,000,000","-343,000,000","444,000,000","-739,000,000","252,000,000","-741,761,160","-743,415,470","-535,643,460","-1,117,693,100","-1,377,837,480","-985,282,320","-1,379,677,960","-1,547,526,890","-826,212,170","-801,649,100",,,,,,,,,,,,,,,"1,703,577,540",,,,"-238,940,060",,,,,,,,,
	OtherunderPreferredStockDividend,"329,000,000","37,000,000","13,000,000","309,000,000","-30,000,000","349,000,000","34,000,000","51,000,000","164,000,000","140,000,000","98,000,000","50,000,000","208,000,000","76,000,000","83,000,000","65,000,000","9,000,000","-455,000,000","204,000,000","1,061,000,000","1,626,000,000","1,316,000,000","1,041,000,000","987,000,000","1,406,000,000","1,282,000,000","751,000,000","669,000,000","1,542,000,000","956,000,000",,,,,,,,,,,,,,,,,,,,,,,,,,,,,,,,,,,,,,,,,,,,,,,,,,,,,,
DilutedNIAvailtoComStockholders,"331,857,000,000","85,169,000,000","89,940,000,000","69,210,000,000","87,538,000,000","81,157,000,000","75,103,000,000","79,947,000,000","56,744,000,000","90,421,000,000","76,258,000,000","89,712,000,000","56,121,000,000","74,968,000,000","65,381,000,000","76,769,000,000","44,805,000,000","54,066,000,000","79,788,000,000","81,510,000,000","48,224,000,000","45,297,000,000","73,501,000,000","68,605,000,000","68,617,000,000","37,769,000,000","35,401,000,000","45,007,000,000","21,769,000,000","30,300,000,000","25,067,000,000","34,773,000,000","17,380,000,000","23,435,000,000","21,682,000,000","23,653,000,000","16,477,000,000","16,745,000,000","17,603,000,000","16,450,000,000","10,324,000,000","7,283,000,000","12,958,000,000","7,631,000,000","8,601,000,000","-41,943,000,000","23,418,459,480","32,285,471,840","49,549,355,270","28,277,635,430","46,042,735,790","45,692,467,590","45,227,440,760","59,639,305,530","44,261,366,250","46,839,211,700","40,525,434,840","42,165,187,890","46,295,245,920","37,934,667,360","24,668,366,720","24,625,488,000","19,258,281,000","23,491,028,160","8,212,452,430","14,477,212,350","17,395,182,480","14,131,736,640","-5,429,317,760","12,471,789,750","11,316,622,230","11,115,360,930","8,938,123,700","9,215,376,800","10,035,482,520","10,477,342,680","3,184,443,501.15","13,524,044,900","8,537,321,285.28","8,378,416,096.26","6,653,142,434.6","7,669,496,250","7,652,654,640","7,635,438,090"
BasicEPS,,"333.2","351.35","270.35",,"317.05","293.35","312.3",,"353.35","298.05","349.05",,"286.6","249.7","293.1",,"206.5","304.75","311.4",,"173.1","280.6","261.9",,"146.75","140.95","183.1",,"140.885","114.425","156.46",,"108.99","100.835","110.015",,"77.89","81.885","76.525",,"33.885","62.945","42.797",,"-236.36","128.858","181.818",,"159.316","156.316","250.68",,"279.221","253.411","262.082",,"238.759","215.795","215.984",,"403.427","113.085","140.402",,"86.37","103.557","84.12",,"77.8","66.78","67.947",,"54.595","58.696","61.28",,"138.106","51.903","50.936",,"39.881","39.326","39.995"
DilutedEPS,,"332.9","351.05","270.1",,"316.75","293.1","312.05",,"353","297.75","348.8",,"286.3","249.45","292.9",,"206.25","304.45","311.1",,"172.9","280.2","261.55",,"144.15","135.65","173.95",,"118.21","96.07","130.8",,"90.975","84.325","91.835",,"65.91","68.955","64.635",,"29.415","53.295","42.797",,"-236.36","127.071","178.376",,"156.41","153.365","244.141",,"269.067","122.138","260.124",,"226.865","204.641","204.814",,"403.427","106.053","131.626",,"81.362","97.547","79.257",,"73.346","62.899","64.015",,"54.595","56.378","58.86",,"138.106","51.903","50.936",,"38.859","39.326","38.783"
BasicAverageShares,,"255,609,600","255,993,600","255,992,200",,"255,992,400","256,020,800","256,010,800",,"255,881,200","255,855,200","257,000,200",,"261,576,400","261,828,600","261,905,400",,"261,851,800","261,819,600","261,754,800",,"261,651,800","261,953,400","261,965,200",,"257,343,000","251,186,200","245,837,800",,"215,070,000","215,046,000","215,044,000",,"215,022,000","215,018,000","214,997,955",,"214,974,000","214,974,000","214,970,000",,"214,910,000","205,860,000","178,306,144",,"177,452,000","177,936,000","177,570,664",,"180,952,000","182,872,000","183,038,000",,"180,229,674","180,077,378","179,949,638",,"175,819,596","175,293,040","168,220,000",,"167,562,434","167,487,498","167,418,716",,"167,332,290","167,383,724","167,384,000",,"167,332,290","167,316,000","163,588,391",,"168,796,721","163,446,000","170,974,964",,"163,384,000","163,384,000","164,487,500",,"189,473,684","194,594,595","190,909,091"
DilutedAverageShares,,"255,858,600","256,207,400","256,219,200",,"256,200,400","256,242,800","256,208,200",,"256,141,000","256,110,600","257,209,600",,"261,834,000","262,074,000","262,122,200",,"262,119,400","262,086,200","262,003,400",,"261,962,600","262,311,200","262,326,200",,"262,309,000","261,543,600","259,356,000",,"259,214,000","260,510,000","260,440,000",,"264,066,000","264,070,000","257,559,754",,"259,024,000","263,978,000","258,948,000",,"258,750,000","249,284,000","178,306,144",,"177,452,000","182,850,000","180,996,499",,"180,952,000","188,878,000","183,038,000",,"180,229,674","180,077,378","179,949,638",,"175,819,596","175,293,040","185,312,000",,"167,562,434","167,487,498","167,418,716",,"167,332,290","167,383,724","167,384,000",,"167,332,290","167,316,000","173,637,043",,"168,796,721","163,446,000","178,003,814",,"163,384,000","163,384,000","164,487,500",,"194,594,595","194,594,595","196,875,000"
RentExpenseSupplemental,"263,137,000,000","66,388,000,000","65,825,000,000","65,096,000,000","65,828,000,000","64,127,000,000","64,629,000,000","62,737,000,000","63,550,000,000","63,552,000,000","63,487,000,000","61,738,000,000","62,120,000,000","60,151,000,000","61,194,000,000","60,072,000,000","61,374,000,000","61,255,000,000","62,432,000,000","60,008,000,000","60,464,000,000","60,510,000,000","60,075,000,000","57,108,000,000","53,845,000,000","55,025,000,000","54,912,000,000","52,812,000,000","51,515,000,000","49,634,000,000",,,,,,,,,,,,,,,,,,,,,,,,,,,,,,,,,,,,,,,,,,,,,,,,,,,,,,
NetIncomeFromContinuingAndDiscontinuedOperation,"332,186,000,000","85,206,000,000","89,953,000,000","69,519,000,000","87,508,000,000","81,506,000,000","75,137,000,000","79,998,000,000","56,908,000,000","90,561,000,000","76,356,000,000","89,762,000,000","56,329,000,000","75,044,000,000","65,464,000,000","76,834,000,000","44,814,000,000","53,611,000,000","79,992,000,000","82,571,000,000","49,850,000,000","46,613,000,000","74,542,000,000","69,592,000,000","70,023,000,000","39,051,000,000","36,152,000,000","45,676,000,000","23,311,000,000","31,256,000,000","25,067,000,000","34,773,000,000","17,380,000,000","23,435,000,000","21,682,000,000","23,653,000,000","16,477,000,000","16,745,000,000","17,603,000,000","16,450,000,000","10,324,000,000","7,283,000,000","12,958,000,000","7,631,000,000","8,601,000,000","-41,943,000,000","23,418,459,480","32,285,471,840","49,549,355,270","28,277,635,430","46,042,735,790","45,692,467,590","45,233,541,810","59,639,305,530","43,671,214,700","46,839,211,700","40,525,434,840","42,165,187,890","46,295,245,920","37,934,667,360","24,668,366,720","24,625,488,000","19,258,281,000","23,491,028,160","7,586,931,130","14,477,212,350","17,395,182,480","14,131,736,640","-8,601,703,020","12,471,789,750","10,343,149,350","11,115,360,930","8,805,213,910","9,215,376,800","10,035,482,520","10,477,342,680","3,184,443,501.15","13,524,044,900","8,537,321,285.28","8,378,416,096.26","6,653,142,434.6","7,669,496,250","7,652,654,640","7,635,438,090"
NormalizedIncome,"237,398,865,371.824","60,733,350,220.391","63,931,623,554.162","54,015,104,551.892","57,780,372,894.334","72,255,759,400","61,935,106,026.857","61,608,975,647.566","35,365,572,754.056","63,395,017,269.828","58,236,589,054.794","67,294,907,000","39,663,789,466.155","47,493,600,000","44,598,190,000","44,806,499,000","32,288,616,651.951","43,177,320,000","34,503,291,000","61,920,356,000","50,241,351,323.176","42,914,552,000","39,088,313,000","53,003,350,000","32,203,089,880","37,705,920,000","41,304,054,000","42,716,440,000","26,306,285,040.698","28,948,120,000","22,469,370,005.406","29,430,805,822.993","-3,108,955,000","23,906,859,942.406","19,110,693,891.281","19,177,208,345.03","24,541,800,000","13,929,195,553.174","-1,723,550,250.453","23,898,000,000","-120,546,100,000","1,082,400,000","14,295,900,000","11,419,000,000","-26,594,100,000","-20,318,453,889.03","11,126,417,400","22,907,816,697","45,919,020,370","27,931,150,569","18,394,130,358","30,309,747,369","42,728,129,680","46,092,493,216","17,397,667,694","39,601,465,540","38,570,113,030","34,015,613,760","41,869,965,060","30,214,629,792","23,280,605,560","23,373,692,360","23,462,088,624","21,098,423,440","15,472,081,582","14,477,212,350","17,261,373,384","15,065,868,384","-8,601,703,020","12,471,789,750","10,343,149,350","11,115,360,930","8,805,213,910","9,215,376,800","10,035,482,520","10,477,342,680","3,184,443,501.15","13,524,044,900","9,264,216,548.448","8,378,416,096.26","6,653,142,434.6","7,669,496,250","7,652,654,640","7,635,438,090"
InterestIncome,"253,446,000,000","64,380,000,000","63,627,000,000","62,497,000,000","62,942,000,000","62,599,000,000","60,793,000,000","56,559,000,000","53,189,000,000","54,438,000,000","52,487,000,000","53,990,000,000","52,690,000,000","51,312,000,000","48,526,000,000","48,056,000,000","48,275,000,000","51,370,000,000","51,617,000,000","49,627,000,000","47,555,000,000","48,151,000,000","44,424,000,000","45,156,000,000","43,588,000,000","46,436,000,000","46,611,000,000","51,528,000,000","53,258,000,000","51,980,000,000","52,840,000,000","52,241,000,000","345,876,000,000","49,796,000,000","50,623,000,000","37,302,000,000","55,260,000,000","53,360,000,000","55,454,000,000","57,082,000,000","44,491,000,000","41,328,000,000","44,231,000,000","41,955,000,000","43,714,000,000","49,143,000,000","148,140,300,240","140,824,130,460","-210,402,622,800","146,417,796,100","152,136,221,750","144,467,020,170","-203,023,313,110","138,325,095,860","52,405,457,640","42,945,487,500","-48,629,926,750","72,283,179,240","41,075,683,880","36,270,866,160","-43,696,816,380","59,922,020,800","35,985,473,640","29,907,559,000","-54,519,964,650","55,442,361,370","31,445,137,560","28,383,233,760","-59,681,077,520","61,408,717,150","63,519,105,420",,,,"87,571,531,990",,,,"27,613,347,948.72",,,,,
InterestExpense,"99,967,000,000","23,763,000,000","24,077,000,000","26,166,000,000","25,961,000,000","25,528,000,000","21,699,000,000","20,149,000,000","20,009,000,000","18,885,000,000","18,822,000,000","19,099,000,000","18,955,000,000","18,607,000,000","17,286,000,000","18,062,000,000","18,796,000,000","18,167,000,000","17,835,000,000","18,023,000,000","17,791,000,000","18,129,000,000","17,988,000,000","18,739,000,000","19,404,000,000","21,132,000,000","19,476,000,000","22,906,000,000","23,493,000,000","25,173,000,000","25,269,000,000","27,458,000,000","25,974,000,000","27,460,000,000","28,064,000,000","29,485,000,000","29,446,000,000","29,468,000,000","31,281,000,000","33,359,000,000","19,171,000,000","19,674,000,000","20,821,000,000","23,050,000,000","23,884,000,000","27,347,000,000","27,763,060,560","26,125,743,660","28,137,647,730","26,712,865,090","26,867,830,860","24,878,378,580","22,607,819,300","21,189,214,340","20,537,273,940","18,437,929,300","16,318,673,560","16,062,928,720","15,885,623,600","14,752,370,640","15,366,631,020","13,338,806,000","14,086,056,960","14,138,118,800","13,815,278,590","14,906,166,790","15,611,061,200","16,287,425,280","16,383,978,630","17,579,284,600","18,252,616,500",,,,"25,088,706,300",,,,"29,741,352,646.32",,,,,
NetInterestIncome,"153,479,000,000","40,617,000,000","39,550,000,000","36,331,000,000","36,981,000,000","37,071,000,000","39,094,000,000","36,410,000,000","33,180,000,000","35,553,000,000","33,665,000,000","34,891,000,000","33,735,000,000","32,705,000,000","31,240,000,000","29,994,000,000","29,479,000,000","33,203,000,000","33,782,000,000","31,604,000,000","29,764,000,000","30,022,000,000","26,436,000,000","26,417,000,000","24,184,000,000","25,304,000,000","27,135,000,000","28,622,000,000","29,765,000,000","26,807,000,000","27,571,000,000","24,783,000,000","319,902,000,000","22,336,000,000","22,559,000,000","7,817,000,000","25,814,000,000","23,892,000,000","24,173,000,000","23,723,000,000","25,320,000,000","21,654,000,000","23,410,000,000","18,905,000,000","19,830,000,000","21,796,000,000","120,377,239,680","114,698,386,800","-238,540,270,530","119,704,931,010","125,268,390,890","119,588,641,590","-225,631,132,410","117,135,881,520","31,868,183,700","24,507,558,200","-64,948,600,310","56,220,250,520","25,190,060,280","21,518,495,520","-59,063,447,400","46,583,214,800","21,899,416,680","15,769,440,200","-68,335,243,240","40,536,194,580","15,834,076,360","12,095,808,480","-76,065,056,150","43,829,432,550","45,266,488,920",,,,"62,482,825,690",,,,"-2,128,004,697.6",,,,,
ReconciledDepreciation,"301,440,000,000","73,957,000,000","75,770,000,000","74,117,000,000","77,596,000,000","74,804,000,000","72,386,000,000","70,803,000,000","77,219,000,000","69,149,000,000","67,536,000,000","66,019,000,000","65,773,000,000","63,362,000,000","62,180,000,000","62,362,000,000","63,647,000,000","60,485,000,000","60,953,000,000","59,768,000,000","60,682,000,000","59,300,000,000","54,815,000,000","54,786,000,000","53,979,000,000","52,546,000,000","51,830,000,000","48,285,000,000","46,542,000,000","45,213,000,000","44,463,000,000","42,622,000,000","43,692,000,000","40,483,000,000","42,986,000,000","41,072,000,000","42,261,000,000","46,894,000,000","39,950,000,000","39,337,000,000","40,321,000,000","41,689,000,000","35,447,000,000","49,809,000,000","48,665,000,000","40,942,072,800","54,259,583,530","45,348,343,670","46,643,353,210","40,092,109,820","41,396,817,860","39,780,773,670","41,624,219,180","39,779,558,350","37,295,026,190","34,585,432,600","39,919,828,180","36,716,220,230","27,974,157,660","32,277,743,280","36,272,066,060","30,583,571,160","34,370,416,360","30,777,597,080",,,,,,,,,,,,,,,,,,,,
NetIncomeFromContinuingOperationNetMinorityInterest,"332,186,000,000","85,206,000,000","89,953,000,000","69,519,000,000","87,508,000,000","81,506,000,000","75,137,000,000","79,998,000,000","56,908,000,000","90,561,000,000","76,356,000,000","89,762,000,000","56,329,000,000","75,044,000,000","65,464,000,000","76,834,000,000","44,814,000,000","53,611,000,000","79,992,000,000","82,571,000,000","49,850,000,000","46,613,000,000","74,310,000,000","69,527,000,000","69,538,000,000","38,067,000,000","35,188,000,000","41,329,000,000","25,877,000,000","30,172,000,000","24,607,000,000","33,645,000,000","15,709,000,000","23,744,000,000","21,578,000,000","22,785,000,000","14,732,000,000","13,209,000,000","17,256,000,000","14,154,000,000","9,453,000,000","6,037,000,000","6,465,000,000","7,870,000,000","8,142,000,000","-42,172,000,000","14,835,223,200","29,524,214,380","45,919,020,370","27,383,480,950","33,182,919,310","41,258,697,150","42,728,129,680","54,877,684,330","41,546,669,120","45,923,041,300","38,570,113,030","34,724,272,380","44,252,808,600","34,607,064,960","23,280,605,560","23,804,638,400","18,377,902,440","20,772,159,160","4,772,085,280","14,477,212,350","17,395,182,480","14,131,736,640","-8,601,703,020","12,471,789,750","10,343,149,350","11,115,360,930","8,805,213,910","9,215,376,800","10,035,482,520","10,477,342,680","3,184,443,501.15","13,524,044,900","8,537,321,285.28","8,378,416,096.26","6,653,142,434.6","7,669,496,250","7,652,654,640","7,635,438,090"
TotalUnusualItemsExcludingGoodwill,"127,303,000,000","34,610,000,000","36,800,000,000","21,926,000,000","33,967,000,000","13,379,000,000","18,960,000,000","25,494,000,000","26,917,000,000","31,801,000,000","27,020,000,000","33,483,000,000","26,548,000,000","41,120,000,000","31,143,000,000","47,731,000,000","14,837,000,000","15,905,000,000","69,237,000,000","30,191,000,000","-415,000,000","5,927,000,000","43,111,000,000","25,421,000,000","56,030,000,000","531,000,000","-9,961,000,000","-2,115,000,000","-612,000,000","1,860,000,000","3,245,000,000","5,745,000,000","25,259,000,000","-179,000,000","4,031,000,000","5,959,000,000","-14,014,000,000","-1,158,000,000","29,840,000,000","-13,920,000,000","185,713,000,000","7,078,000,000","-11,187,000,000","-5,070,000,000","49,623,000,000","-32,531,000,000","5,298,294,000","9,451,996,690",,"-782,385,170","21,126,841,360","15,641,356,830",,"14,641,985,190","40,248,335,710","10,535,959,600",,"1,181,097,700","3,971,405,900","7,320,725,280",,"718,243,400","-8,473,643,640","-543,773,800","-17,833,327,170",,"223,015,160","-1,556,886,240",,,,,,,,,,,"-1,211,492,105.28",,,,,
TotalUnusualItems,"127,303,000,000","34,610,000,000","36,800,000,000","21,926,000,000","33,967,000,000","13,379,000,000","18,960,000,000","25,494,000,000","26,917,000,000","31,801,000,000","27,020,000,000","33,483,000,000","26,548,000,000","41,120,000,000","31,143,000,000","47,731,000,000","14,837,000,000","15,905,000,000","69,237,000,000","30,191,000,000","-415,000,000","5,927,000,000","43,111,000,000","25,421,000,000","56,030,000,000","531,000,000","-9,961,000,000","-2,115,000,000","-612,000,000","1,860,000,000","3,245,000,000","5,745,000,000","25,259,000,000","-179,000,000","4,031,000,000","5,959,000,000","-14,014,000,000","-1,158,000,000","29,840,000,000","-13,920,000,000","185,713,000,000","7,078,000,000","-11,187,000,000","-5,070,000,000","49,623,000,000","-32,531,000,000","5,298,294,000","9,451,996,690",,"-782,385,170","21,126,841,360","15,641,356,830",,"14,641,985,190","40,248,335,710","10,535,959,600",,"1,181,097,700","3,971,405,900","7,320,725,280",,"718,243,400","-8,473,643,640","-543,773,800","-17,833,327,170",,"223,015,160","-1,556,886,240",,,,,,,,,,,"-1,211,492,105.28",,,,,
TaxRateForCalcs,"0.255","0.293","0.293","0.293","0.125","0.309","0.304","0.279","0.2","0.146","0.329","0.329","0.372","0.33","0.33","0.329","0.156","0.344","0.343","0.316","0.057","0.376","0.183","0.35","0.334","0.32","0.386","0.344","0.299","0.342","0.341","0.266","0.255","0.09","0.388","0.395","0.3","0.378","0.364","0.3","0.3","0.3","0.3","0.3","0.3","0.328","0.3","0.3","0.381","0.3","0.3","0.3","0.367","0.4","0.4","0.4","0.328","0.4","0.4","0.4","0.4","0.4","0.4","0.4","0.4","0.4","0.4","0.4","0.4","0.4","0.4","0.4","0.4","0.4","0.4","0.4","0.4","0.4","0.4","0.4","0.4","0.4","0.4","0.4"
TaxEffectOfUnusualItems,"32,515,865,371.824","10,137,350,220.391","10,778,623,554.162","6,422,104,551.892","4,239,372,894.334","4,128,759,400","5,758,106,026.857","7,104,975,647.566","5,374,572,754.056","4,635,017,269.828","8,900,589,054.794","11,015,907,000","9,882,789,466.155","13,569,600,000","10,277,190,000","15,703,499,000","2,311,616,651.951","5,471,320,000","23,748,291,000","9,540,356,000","-23,648,676.824","2,228,552,000","7,889,313,000","8,897,350,000","18,695,089,880","169,920,000","-3,844,946,000","-727,560,000","-182,714,959.302","636,120,000","1,107,370,005.406","1,530,805,822.993","6,441,045,000","-16,140,057.594","1,563,693,891.281","2,351,208,345.03","-4,204,200,000","-437,804,446.826","10,860,449,749.547","-4,176,000,000","55,713,900,000","2,123,400,000","-3,356,100,000","-1,521,000,000","14,886,900,000","-10,677,453,889.03","1,589,488,200","2,835,599,007","0","-234,715,551","6,338,052,408","4,692,407,049","0","5,856,794,076","16,099,334,284","4,214,383,840","0","472,439,080","1,588,562,360","2,928,290,112","0","287,297,360","-3,389,457,456","-217,509,520","-7,133,330,868","0","89,206,064","-622,754,496","0","0","0","0","0","0","0","0","0","0","-484,596,842.112","0","0","0","0","0"