name,ttm,03/31/2020,12/31/2019,09/30/2019,06/30/2019,03/31/2019,12/31/2018,09/30/2018,06/30/2018,03/31/2018,12/31/2017,09/30/2017,06/30/2017,03/31/2017,12/31/2016,09/30/2016,06/30/2016,03/31/2016,12/31/2015,09/30/2015,06/30/2015,03/31/2015,12/31/2014,09/30/2014,06/30/2014,03/31/2014,12/31/2013,09/30/2013,06/30/2013,03/31/2013,12/31/2012,09/30/2012,06/30/2012,03/31/2012,12/31/2011,09/30/2011,06/30/2011,03/31/2011,12/31/2010,09/30/2010,06/30/2010,03/31/2010,12/31/2009,09/30/2009,06/30/2009,03/31/2009,12/31/2008,09/30/2008,06/30/2008,03/31/2008,12/31/2007,09/30/2007,06/30/2007,03/31/2007,12/31/2006,09/30/2006,06/30/2006,03/31/2006,12/31/2005,09/30/2005,06/30/2005,03/31/2005
TotalRevenue,"2,188,301,000","534,726,000","581,740,000","537,702,000","534,133,000","508,186,000","476,457,000","469,373,000","500,479,000","444,613,000","436,399,000","411,855,000","394,386,000","376,053,000","396,621,000","374,181,000","381,161,000","336,010,000","340,881,000","340,872,000","333,747,000","309,303,000","328,142,000","306,584,000","291,230,000","246,919,000","235,774,000","232,160,000","208,252,000","196,237,000","183,703,000","175,515,000","129,539,000","108,414,000","83,536,000","73,293,000","64,567,000","50,881,000","53,369,000","44,753,000","40,486,000","35,173,000","38,284,000","30,809,000","37,280,000","22,076,000","19,595,000","17,746,000","15,539,000","14,634,000","15,477,000","21,474,000","14,264,000","14,088,000","11,673,000","11,673,000","11,673,000","9,837,000","5,360,000","5,361,000","5,361,000","5,361,000"
	OperatingRevenue,"2,188,301,000","534,726,000","581,740,000","537,702,000","534,133,000","508,186,000","476,457,000","469,373,000","500,479,000","444,613,000","436,399,000","411,855,000","394,386,000","376,053,000","396,621,000","374,181,000","381,161,000","336,010,000","340,881,000","340,872,000","333,747,000","309,303,000","328,142,000","306,584,000","291,230,000","246,919,000","235,774,000","232,160,000","208,252,000","196,237,000","183,703,000","175,515,000","129,539,000","108,414,000","83,536,000","73,293,000","64,567,000","50,881,000","53,369,000","44,753,000","40,486,000","35,173,000","38,284,000","30,809,000","37,280,000","22,076,000","19,595,000","17,746,000","15,539,000","14,634,000","15,477,000","21,474,000","14,264,000","14,088,000","11,673,000","11,673,000","11,673,000","9,837,000","5,360,000","5,361,000","5,361,000","5,361,000"
CostOfRevenue,"123,081,000","28,657,000","35,348,000","31,400,000","27,676,000","33,506,000","26,337,000","26,574,000","34,714,000","33,919,000","25,248,000","31,203,000","28,672,000","25,065,000","33,656,000","24,311,000","23,980,000","23,439,000","24,030,000","28,385,000","21,813,000","28,298,000","28,808,000","26,994,000","30,692,000","30,924,000","25,643,000","24,252,000","25,031,000","27,220,000","25,763,000","32,629,000","15,370,000","10,758,000","3,862,000","3,901,000","3,370,000","2,809,000","4,784,000","3,091,000","2,802,000","2,882,000","2,782,000","2,338,000","2,575,000","1,943,000","3,305,000","5,525,000","2,796,000","2,298,000","3,283,000","1,938,000","1,679,000","2,003,000",,,,,,,,
GrossProfit,"2,065,220,000","506,069,000","546,392,000","506,302,000","506,457,000","474,680,000","450,120,000","442,799,000","465,765,000","410,694,000","411,151,000","380,652,000","365,714,000","350,988,000","362,965,000","349,870,000","357,181,000","312,571,000","316,851,000","312,487,000","311,934,000","281,005,000","299,334,000","279,590,000","260,538,000","215,995,000","210,131,000","207,908,000","183,221,000","169,017,000","157,940,000","142,886,000","114,169,000","97,656,000","79,674,000","69,392,000","61,197,000","48,072,000","48,585,000","41,662,000","37,684,000","32,291,000","35,502,000","28,471,000","34,705,000","20,133,000","16,290,000","12,221,000","12,743,000","12,336,000","12,194,000","19,536,000","12,585,000","12,085,000",,,,,,,,
OperatingExpense,"1,463,899,000","357,354,000","485,147,000","321,424,000","299,974,000","284,937,000","265,065,000","254,022,000","269,670,000","322,887,000","261,946,000","219,198,000","198,671,000","214,848,000","197,461,000","198,617,000","188,446,000","182,659,000","178,700,000","180,955,000","158,633,000","164,246,000","162,230,000","146,554,000","153,441,000","155,654,000","115,632,000","107,348,000","106,155,000","100,830,000","90,561,000","87,586,000","78,710,000","64,471,000","42,010,000","35,688,000","27,338,000","25,468,000","23,050,000","27,219,000","27,102,000","25,062,000","24,092,000","24,762,000","26,671,000","27,356,000","38,246,000","39,965,000","59,837,000","56,144,000","70,938,000","37,334,000","55,338,000","31,568,000",,,,,,,,
	SellingGeneralAndAdministration,"777,395,000","208,400,000","214,275,000","178,706,000","176,014,000","167,947,000","161,865,000","155,873,000","158,579,000","207,213,000","143,050,000","124,523,000","132,328,000","144,255,000","127,141,000","124,368,000","122,618,000","128,765,000","125,555,000","104,044,000","107,132,000","112,388,000","105,694,000","93,501,000","100,556,000","106,363,000","81,299,000","74,970,000","77,506,000","70,528,000","61,377,000","60,924,000","60,638,000","46,999,000","36,384,000","30,547,000","22,094,000","19,911,000","17,070,000","18,040,000","17,096,000","16,790,000","15,718,000","15,061,000","13,657,000","14,216,000","20,183,000","24,329,000","34,109,000","32,780,000","27,957,000","18,069,000","35,644,000","14,339,000",,,,,,,,
	ResearchAndDevelopment,"325,728,000","86,107,000","97,382,000","79,855,000","62,384,000","60,105,000","56,657,000","51,160,000","56,132,000","62,667,000","65,995,000","47,362,000","40,157,000","44,928,000","44,158,000","47,796,000","39,091,000","31,252,000","29,455,000","50,784,000","27,833,000","27,181,000","24,559,000","22,423,000","20,090,000","18,109,000","13,809,000","12,814,000","9,250,000","10,747,000","7,277,000","6,920,000","2,321,000","3,959,000","3,764,000","3,279,000","3,382,000","3,695,000","4,118,000","7,317,000","7,962,000","6,215,000","6,317,000","7,644,000","11,192,000","11,408,000","14,689,000","12,149,000","21,882,000","21,243,000","20,540,000","16,978,000","17,407,000","14,867,000",,,,,,,,
	DepreciationAmortizationDepletionIncomeStatement,"360,776,000","62,847,000","173,490,000","62,863,000","61,576,000","56,885,000","46,543,000","46,989,000","54,959,000","53,007,000","52,901,000","47,313,000","26,186,000","25,665,000","26,162,000","26,453,000","26,737,000","22,642,000","23,690,000","26,127,000","23,668,000","24,677,000","31,977,000","30,630,000","32,795,000","31,182,000","20,524,000","19,564,000","19,399,000","19,555,000","21,907,000","19,742,000","15,751,000","13,513,000","1,862,000","1,862,000","1,862,000","1,862,000","1,862,000","1,862,000","2,044,000","2,057,000","2,057,000","2,057,000","1,822,000","1,732,000","3,374,000","3,487,000","3,846,000","2,121,000","2,281,000","2,287,000","2,287,000","2,362,000",,,,,,,,
		DepreciationAndAmortizationInIncomeStatement,"360,776,000","62,847,000","173,490,000","62,863,000","61,576,000","56,885,000","46,543,000","46,989,000","54,959,000","53,007,000","52,901,000","47,313,000","26,186,000","25,665,000","26,162,000","26,453,000","26,737,000","22,642,000","23,690,000","26,127,000","23,668,000","24,677,000","31,977,000","30,630,000","32,795,000","31,182,000","20,524,000","19,564,000","19,399,000","19,555,000","21,907,000","19,742,000","15,751,000","13,513,000","1,862,000","1,862,000","1,862,000","1,862,000","1,862,000","1,862,000","2,044,000","2,057,000","2,057,000","2,057,000","1,822,000","1,732,000","3,374,000","3,487,000","3,846,000","2,121,000","2,281,000","2,287,000","2,287,000","2,362,000",,,,,,,,
			Amortization,"360,776,000","62,847,000","173,490,000","62,863,000","61,576,000","56,885,000","46,543,000","46,989,000","54,959,000","53,007,000","52,901,000","47,313,000","26,186,000","25,665,000","26,162,000","26,453,000","26,737,000","22,642,000","23,690,000","26,127,000","23,668,000","24,677,000","31,977,000","30,630,000","32,795,000","31,182,000","20,524,000","19,564,000","19,399,000","19,555,000","21,907,000","19,742,000","15,751,000","13,513,000","1,862,000","1,862,000","1,862,000","1,862,000","1,862,000","1,862,000","2,044,000","2,057,000","2,057,000","2,057,000","1,822,000","1,732,000","3,374,000","3,487,000","3,846,000","2,121,000","2,281,000","2,287,000","2,287,000","2,362,000",,,,,,,,
				AmortizationOfIntangiblesIncomeStatement,"360,776,000","62,847,000","173,490,000","62,863,000","61,576,000","56,885,000","46,543,000","46,989,000","54,959,000","53,007,000","52,901,000","47,313,000","26,186,000","25,665,000","26,162,000","26,453,000","26,737,000","22,642,000","23,690,000","26,127,000","23,668,000","24,677,000","31,977,000","30,630,000","32,795,000","31,182,000","20,524,000","19,564,000","19,399,000","19,555,000","21,907,000","19,742,000","15,751,000","13,513,000","1,862,000","1,862,000","1,862,000","1,862,000","1,862,000","1,862,000","2,044,000","2,057,000","2,057,000","2,057,000","1,822,000","1,732,000","3,374,000","3,487,000","3,846,000","2,121,000","2,281,000","2,287,000","2,287,000","2,362,000",,,,,,,,
	OtherOperatingExpenses,,,,,,,,,,,,,,,,,,,,,,,,,,,,,,,,,,,,,,,,,,,,,,,,,,,"20,160,000",,,,,,,,,,,
OperatingIncome,"601,321,000","148,715,000","61,245,000","184,878,000","206,483,000","189,743,000","185,055,000","188,777,000","196,095,000","87,807,000","149,205,000","161,454,000","167,043,000","136,140,000","165,504,000","151,253,000","168,735,000","129,912,000","138,151,000","131,532,000","153,301,000","116,759,000","137,104,000","133,036,000","107,097,000","60,341,000","94,499,000","100,560,000","77,066,000","68,187,000","67,379,000","55,300,000","35,459,000","33,185,000","37,664,000","33,704,000","33,859,000","22,604,000","25,535,000","14,443,000","10,582,000","7,229,000","11,410,000","3,709,000","8,034,000","-7,223,000","-21,956,000","-27,744,000","-47,094,000","-43,808,000","-58,744,000","-17,798,000","-42,753,000","-19,483,000","-111,235,000","11,673,000","11,673,000","9,837,000","-73,226,000","5,361,000","5,361,000","5,361,000"
NetNonOperatingInterestIncomeExpense,"-72,835,000","-18,496,000","-18,244,000","-17,861,000","-18,234,000","-17,922,000","-17,904,000","-18,920,000","-19,646,000","-20,605,000","-21,426,000","-19,192,000","-18,294,000","-18,844,000","-19,131,000","-18,498,000","-12,121,000","-12,192,000","-12,210,000","-12,650,000","-15,812,000","-16,245,000","-16,678,000","-14,530,000","-11,429,000","-10,076,000","-6,173,000","-6,202,000","-7,142,000","-7,399,000","-7,670,000","-7,750,000","-1,481,000","13,000","-41,000","-125,000","-657,000","-776,000","-1,076,000","-1,200,000","-4,685,000","-5,765,000","-5,757,000","-5,382,000","-5,850,000","-5,773,000",,,,,,,,,,,,,,,,
	InterestIncomeNonOperating,,,,,,,,,,,,,,,,,,,,,,,,,,,,,,,,,,"71,000","69,000","4,000","2,000","1,000","1,000","0","2,000","2,000","5,000","2,000","6,000","21,000",,,,,,,,,,,,,,,,
	InterestExpenseNonOperating,,,,,,,,,,,,,,,,,,,,,,,,,,,,,,,,"7,750,000","1,481,000","58,000","110,000","129,000","659,000","777,000","1,077,000","1,200,000","4,687,000","5,767,000","5,762,000","5,384,000","5,856,000","5,794,000",,,,,,,,,,,,,,,,
	TotalOtherFinanceCost,"72,835,000","18,496,000","18,244,000","17,861,000","18,234,000","17,922,000","17,904,000","18,920,000","19,646,000","20,605,000","21,426,000","19,192,000","18,294,000","18,844,000","19,131,000","18,498,000","12,121,000","12,192,000","12,210,000","12,650,000","15,812,000","16,245,000","16,678,000","14,530,000","11,429,000","10,076,000","6,173,000","6,202,000","7,142,000","7,399,000",,,,,,,,,,,,,,,,,,,,,,,,,,,,,,,,
OtherIncomeExpense,"-398,696,000","-339,521,000","-2,234,000","-52,808,000","-4,133,000","-56,611,000","-1,694,000","-756,000","-47,018,000","-1,728,000","-8,854,000","-77,224,000","-7,427,000","-1,464,000","4,940,000","-16,387,000",,"-9,569,000","-29,432,000","-977,000","-18,729,000","2,245,000","-5,182,000","-68,517,000","-32,732,000","-126,877,000","-969,000","-614,000","-4,134,000","271,000","-2,263,000","-1,099,000","-240,000",,"-150,000","-1,097,000",,"-1,000",,,"-12,285,000",,,"1,000",,"8,000","-29,753,000","3,937,000","-1,000","-12,000","-19,464,000","-19,000","4,904,000","2,076,000",,,,,,,,
	GainOnSaleOfSecurity,"-6,332,000","-1,132,000","-2,234,000","-1,033,000","-1,933,000","-611,000","-1,694,000","-756,000","-2,697,000","-1,728,000","-854,000","-2,224,000","-5,427,000","-1,464,000","4,940,000","-749,000",,"-819,000","2,091,000","-977,000","-1,914,000","2,245,000","2,003,000","6,483,000","74,000","123,000","-969,000","-614,000","-385,000","271,000",,"-1,099,000",,,,,,,,,,,,,,,,,,,,,,,,,,,,,,
	SpecialIncomeCharges,"-392,364,000","-338,389,000","0","-51,775,000","-2,200,000","-56,000,000","0","0","-44,321,000",,"-8,000,000","-75,000,000","-2,000,000","0","0","-15,638,000","0","-8,750,000","-31,523,000","0","-16,815,000","0","-7,185,000","-75,000,000","-32,806,000","-127,000,000","0","0","-3,749,000",,"1,357,000","-1,099,000","-240,000",,"-150,000","-1,097,000","0","-1,000",,"0","-12,285,000","0","-4,000","0",,"8,000","-29,753,000","3,937,000","-1,000","-12,000","-19,464,000","-19,000","4,904,000","2,076,000",,,,,,,,
		ImpairmentOfCapitalAssets,,"136,139,000",,,,,,"0","42,896,000",,,,,,"0",,,,"31,523,000","0","0",,"6,559,000","0","32,806,000",,,,,,,,,,,,,,,,,,,,,,,,,,,,,,,,,,,,,
		WriteOff,,,"0",,"0",,,,,,,,,,,,,,,,,,,,,,,,,,,,,,,,,,,,,,,,,,,,,,,,,,,,,,,,,
		OtherSpecialCharges,"256,225,000","202,250,000","0","51,775,000","2,200,000","56,000,000","0",,"1,425,000",,"8,000,000","75,000,000","2,000,000",,"0","15,638,000",,"8,750,000","0",,"16,815,000",,"626,000","75,000,000",,"127,000,000","0",,"3,749,000",,,,,,,,,,,,,,,,,,,,,,,,,,,,,,,,,
PretaxIncome,"129,790,000","-209,302,000","40,767,000","114,209,000","184,116,000","115,210,000","165,457,000","169,101,000","129,431,000","65,474,000","118,925,000","65,038,000","141,322,000","115,832,000","151,313,000","116,368,000","156,614,000","108,151,000","96,509,000","117,905,000","118,760,000","102,759,000","115,244,000","49,989,000","62,936,000","-76,612,000","87,357,000","93,744,000","65,790,000","61,059,000","57,446,000","46,451,000","33,738,000","33,198,000",,,,,,,,,,,,,,,,,,,,,,,,,,,,
TaxProvision,"-153,557,000","-51,287,000","-34,523,000","10,903,000","-78,650,000","29,116,000","5,144,000","19,348,000","36,524,000","19,146,000","-113,654,000","1,239,000","35,515,000","29,160,000","26,754,000","29,120,000","45,332,000","34,030,000","13,748,000","29,945,000","30,647,000","32,059,000","33,633,000","24,221,000","19,350,000","17,027,000","32,064,000","18,335,000","23,605,000","17,634,000","-108,760,000","12,856,000","6,593,000","5,517,000",,,,,,,,,,,,,,,,,,,,,,,,,,,,
EarningsFromEquityInterestNetOfTax,"-3,014,000","182,000","-1,298,000","-1,030,000","-868,000","-893,000","-843,000","-437,000","-586,000","-337,000","-372,000","-273,000","-203,000","-161,000","-276,000","-103,000",,,,,,,,,,,,,,,,,,,,,,,,,,,,,,,,,,,,,,,,,,,,,,
NetIncomeCommonStockholders,"280,333,000","-157,833,000","73,992,000","102,276,000","261,898,000","85,201,000","159,470,000","149,316,000","92,321,000","45,991,000","232,207,000","63,526,000","105,604,000","86,511,000","124,283,000","87,145,000","111,282,000","74,121,000","82,761,000","87,960,000","88,114,000","70,700,000","81,612,000","25,766,000","43,659,000","-92,650,000","55,293,000","75,409,000","42,185,000","43,425,000","200,551,000","33,209,000","27,145,000","27,681,000","37,473,000","32,482,000","33,202,000","21,827,000","24,459,000","13,243,000","-6,388,000","1,464,000","5,653,000","-1,672,000","2,171,000","-12,988,000","-56,940,000","-28,809,000","-51,880,000","-46,710,000","-60,020,000","-19,359,000","-39,863,000","-19,584,000","-18,477,000","-18,477,000","-18,477,000","-25,880,000","-21,289,000","-21,289,000","-21,289,000","-21,289,000"
	NetIncome,"280,333,000","-157,833,000","73,992,000","102,276,000","261,898,000","85,201,000","159,470,000","149,316,000","92,321,000","45,991,000","232,207,000","63,526,000","105,604,000","86,511,000","124,283,000","87,145,000","111,282,000","74,121,000","82,761,000","87,960,000","88,114,000","70,700,000","81,612,000","25,766,000","43,659,000","-92,650,000","55,293,000","75,409,000","42,185,000","43,425,000","200,551,000","33,209,000","27,145,000","27,681,000","37,473,000","32,482,000","33,202,000","21,827,000","24,459,000","13,243,000","-6,388,000","1,464,000","5,653,000","-1,672,000","2,171,000","-12,988,000","-56,940,000","-28,809,000","-51,880,000","-46,710,000","-60,020,000","-19,359,000","-39,863,000","-19,584,000","-12,337,000","-12,337,000","-12,337,000","-22,379,000","-21,289,000","-21,289,000","-21,289,000","-21,289,000"
		NetIncomeIncludingNoncontrollingInterests,"280,333,000","-157,833,000","73,992,000","102,276,000","261,898,000","85,201,000","159,470,000","149,316,000","92,321,000","45,991,000","232,207,000","63,526,000","105,604,000","86,511,000","124,283,000","87,145,000","111,282,000","74,121,000","82,761,000","87,960,000","88,113,000","70,700,000","81,611,000","25,768,000","43,586,000","-93,639,000","55,293,000","75,409,000","42,185,000","43,425,000","200,551,000","33,209,000","27,145,000","27,681,000","37,473,000","32,482,000","33,202,000","21,827,000","24,459,000","13,243,000","-6,388,000","1,464,000","5,653,000","-1,672,000","2,171,000","-12,988,000","-56,940,000","-28,809,000","-51,880,000","-46,710,000","-60,020,000","-19,359,000","-39,863,000","-19,584,000","-12,337,000","-12,337,000","-12,337,000","-22,379,000","-21,289,000","-21,289,000","-21,289,000","-21,289,000"
			NetIncomeContinuousOperations,"280,333,000","-157,833,000","73,992,000","102,276,000","261,898,000","85,201,000","159,470,000","149,316,000","92,321,000","45,991,000","232,207,000","63,526,000","105,604,000","86,511,000","124,283,000","87,145,000","111,282,000","74,121,000","82,761,000","87,960,000","88,113,000","70,700,000","81,611,000","25,768,000","43,586,000","-93,639,000","55,293,000","75,409,000","42,185,000","43,425,000","166,206,000","33,595,000","27,145,000","27,681,000","37,473,000","32,482,000","33,202,000","21,827,000","24,459,000","13,243,000","-6,388,000","1,464,000","5,653,000","-1,672,000","2,171,000","-12,988,000","-56,940,000","-28,809,000","-51,880,000","-46,710,000","-60,020,000","-19,359,000","-39,863,000","-19,584,000","-12,337,000","-12,337,000","-12,337,000","-22,379,000","-21,289,000","-21,289,000","-21,289,000","-21,289,000"
			NetIncomeDiscontinuousOperations,,,,,,,,,,,,,,,,,,,,,,,,,,,"0","0","0","0","34,345,000","-386,000",,,,,,,,,,,,,,,,,,,,,,,,,,,,,,
		MinorityInterests,,,,,,,,,,,,,,,"0","0","0",,"0","0","1,000","0","1,000","-2,000","73,000","989,000",,,,,,,,,,,,,,,,,,,,,,,,,,,,,,,,,,,,
	PreferredStockDividends,,,,,,,,,,,,,,,,,,,,,,,,,,,,,,,,,,,,,,,,,,,,,,,,,,,,,,,"6,140,000","6,140,000","6,140,000","3,501,000",,,,
DilutedNIAvailtoComStockholders,"280,333,000","-157,833,000","73,992,000","102,276,000","261,898,000","85,201,000","159,470,000","149,316,000","92,321,000","45,991,000","232,207,000","63,526,000","105,604,000","86,511,000","124,283,000","87,145,000","111,282,000","74,121,000","82,761,000","87,960,000","88,114,000","70,700,000","81,612,000","25,766,000","43,659,000","-92,650,000","55,293,000","75,409,000","42,185,000","43,425,000","200,551,000","33,209,000","27,145,000","27,681,000","37,473,000","32,482,000","33,202,000","21,827,000","24,459,000","13,243,000","-6,388,000","1,464,000","5,653,000","-1,672,000","2,171,000","-12,988,000","-56,940,000","-28,809,000","-51,880,000","-46,710,000","-60,020,000","-19,359,000","-39,863,000","-19,584,000","-18,477,000","-18,477,000","-18,477,000","-25,880,000","-21,289,000","-21,289,000","-21,289,000","-21,289,000"
BasicEPS,,"-2.82","1.31","1.8","4.62","1.49","2.69","2.47","1.53","0.77","3.87","1.06","1.76","1.44","1.95","1.44","1.84","1.21","1.35","1.43","1.44","1.16","1.35","0.43","0.73","-1.58",,"1.3","0.72","0.74",,"0.58","0.48","0.51",,"0.77","0.81","0.54",,"0.34","-0.18","0.05",,"-0.05","0.07","-0.45",,"-1.07","-2.17","-1.97",,"-0.82","-5.27","-1.45",,"-1.37","-1.37","-1.92",,"-1.58","-1.58","-1.58"
DilutedEPS,,"-2.82","1.29","1.78","4.56","1.47","2.64","2.41","1.5","0.75","3.79","1.03","1.72","1.41","1.91","1.41","1.8","1.19","1.32","1.39","1.4","1.12","1.3","0.41","0.7","-1.58",,"1.23","0.69","0.71",,"0.55","0.45","0.48",,"0.69","0.71","0.48",,"0.32","-0.18","0.04",,"-0.05","0.07","-0.45",,"-1.07","-2.17","-1.97",,"-0.82","-5.27","-1.45",,"-1.37","-1.37","-1.92",,"-1.58","-1.58","-1.58"
BasicAverageShares,,"55,956,000","56,418,000","56,674,000","56,707,000","57,206,000","59,323,000","60,476,000","60,177,000","59,928,000","59,980,000","60,108,000","60,100,000","59,880,000","59,930,000","60,437,000","60,499,000","61,142,000","61,492,000","61,435,000","61,190,000","60,803,000","60,606,000","60,305,000","59,519,000","58,526,000",,"58,217,000","58,737,000","58,358,000",,"57,703,000","56,952,000","53,923,000",,"42,028,000","41,209,000","40,362,000",,"38,965,000","35,423,000","31,412,000",,"30,895,000","29,021,000","28,925,000",,"26,994,000","23,858,000","23,743,000",,"23,671,000","7,561,000","13,466,000",,"13,466,000","13,466,000","13,466,000",,"13,466,000","13,466,000","13,466,000"
DilutedAverageShares,,"55,956,000","57,262,000","57,438,000","57,427,000","58,081,000","60,413,000","61,857,000","61,438,000","61,178,000","61,189,000","61,436,000","61,463,000","61,178,000","61,033,000","61,644,000","61,833,000","62,474,000","62,928,000","63,154,000","63,090,000","62,964,000","62,852,000","62,680,000","62,378,000","58,526,000",,"61,519,000","61,568,000","61,511,000",,"60,883,000","60,554,000","58,084,000",,"47,241,000","46,601,000","45,697,000",,"41,737,000","35,423,000","34,926,000",,"30,895,000","29,023,000","28,925,000",,"26,994,000","23,858,000","23,743,000",,"23,671,000","13,466,000","13,466,000",,"13,466,000","13,466,000","13,466,000",,"13,466,000","13,466,000","13,466,000"
TotalOperatingIncomeAsReported,"208,957,000","-189,674,000","61,245,000","133,103,000","204,283,000","133,743,000","185,055,000","188,777,000","153,199,000","87,807,000","141,205,000","86,454,000","165,043,000","136,140,000","165,504,000","136,253,000","168,735,000","121,162,000","106,628,000","131,532,000","153,301,000","116,759,000","129,919,000","58,036,000","74,291,000","-66,659,000","94,499,000","100,560,000","77,066,000","68,187,000","67,379,000","55,300,000","35,459,000","33,185,000","37,664,000","33,704,000","33,859,000","22,604,000","25,535,000","14,443,000","10,582,000","7,229,000","11,410,000","3,709,000","8,034,000","-7,223,000","-51,719,000","-27,744,000","-47,094,000","-43,808,000","-58,744,000","-17,798,000","-42,753,000","-19,483,000",,,,,,,,
TotalExpenses,"1,586,980,000","386,011,000","520,495,000","352,824,000","327,650,000","318,443,000","291,402,000","280,596,000","304,384,000","356,806,000","287,194,000","250,401,000","227,343,000","239,913,000","231,117,000","222,928,000","212,426,000","206,098,000","202,730,000","209,340,000","180,446,000","192,544,000","191,038,000","173,548,000","184,133,000","186,578,000","141,275,000","131,600,000","131,186,000","128,050,000","116,324,000","120,215,000","94,080,000","75,229,000","45,872,000","39,589,000","30,708,000","28,277,000","27,834,000","30,310,000","29,904,000","27,944,000","26,874,000","27,100,000","29,246,000","29,299,000","41,551,000","45,490,000","62,633,000","58,442,000","74,221,000","39,272,000","57,017,000","33,571,000",,,,,,,,
NetIncomeFromContinuingAndDiscontinuedOperation,"280,333,000","-157,833,000","73,992,000","102,276,000","261,898,000","85,201,000","159,470,000","149,316,000","92,321,000","45,991,000","232,207,000","63,526,000","105,604,000","86,511,000","124,283,000","87,145,000","111,282,000","74,121,000","82,761,000","87,960,000","88,114,000","70,700,000","81,612,000","25,766,000","43,659,000","-92,650,000","55,293,000","75,409,000","42,185,000","43,425,000","200,551,000","33,209,000","27,145,000","27,681,000","37,473,000","32,482,000","33,202,000","21,827,000","24,459,000","13,243,000","-6,388,000","1,464,000","5,653,000","-1,672,000","2,171,000","-12,988,000","-56,940,000","-28,809,000","-51,880,000","-46,710,000","-60,020,000","-19,359,000","-39,863,000","-19,584,000","-12,337,000","-12,337,000","-12,337,000","-22,379,000","-21,289,000","-21,289,000","-21,289,000","-21,289,000"
NormalizedIncome,"519,550,600","98,505,355","75,622,820","150,067,240","264,915,090","127,489,417","161,111,334.135","149,985,816","126,079,924","47,214,424","237,519,400","139,282,744","111,166,823","87,606,072","120,216,452.777","99,435,250","111,282,000","80,675,765","108,000,322.26","88,688,842","102,010,918","69,155,440","85,281,676.53","70,302,050","66,342,276","-10,179,950","55,906,332.841","75,902,656","44,834,894","43,232,319","165,323,950","34,389,835.526","27,338,099.769","27,681,000","37,570,500","33,195,050","33,202,000","21,827,650","24,459,000","13,243,000","1,597,250","1,464,000","5,655,600","-1,672,000","2,171,000","-12,993,200","-37,600,550","-31,368,050","-51,879,350","-46,702,200","-47,368,400","-19,346,650","-43,050,600","-20,933,400","-12,337,000","-12,337,000","-12,337,000","-22,379,000","-21,289,000","-21,289,000","-21,289,000","-21,289,000"
InterestIncome,,,,,,,,,,,,,,,,,,,,,,,,,,,,,,,,,,"71,000","69,000","4,000","2,000","1,000","1,000","0","2,000","2,000","5,000","2,000","6,000","21,000",,,,,,,,,,,,,,,,
InterestExpense,,,,,,,,,,,,,,,,,,,,,,,,,,,,,,,,"7,750,000","1,481,000","58,000","110,000","129,000","659,000","777,000","1,077,000","1,200,000","4,687,000","5,767,000","5,762,000","5,384,000","5,856,000","5,794,000",,,,,,,,,,,,,,,,
NetInterestIncome,"-72,835,000","-18,496,000","-18,244,000","-17,861,000","-18,234,000","-17,922,000","-17,904,000","-18,920,000","-19,646,000","-20,605,000","-21,426,000","-19,192,000","-18,294,000","-18,844,000","-19,131,000","-18,498,000","-12,121,000","-12,192,000","-12,210,000","-12,650,000","-15,812,000","-16,245,000","-16,678,000","-14,530,000","-11,429,000","-10,076,000","-6,173,000","-6,202,000","-7,142,000","-7,399,000","-7,670,000","-7,750,000","-1,481,000","13,000","-41,000","-125,000","-657,000","-776,000","-1,076,000","-1,200,000","-4,685,000","-5,765,000","-5,757,000","-5,382,000","-5,850,000","-5,773,000",,,,,,,,,,,,,,,,
EBIT,"601,321,000","148,715,000","61,245,000","184,878,000","206,483,000","189,743,000","185,055,000","188,777,000","196,095,000","87,807,000","149,205,000","161,454,000","167,043,000","136,140,000","165,504,000","151,253,000","168,735,000","129,912,000","138,151,000","131,532,000","153,301,000","116,759,000","137,104,000","133,036,000","107,097,000","60,341,000","94,499,000","100,560,000","77,066,000","68,187,000","68,736,000","54,201,000","35,219,000","33,256,000","37,664,000","33,704,000","33,859,000","22,604,000","25,535,000","14,443,000","10,582,000","7,229,000","11,410,000","3,709,000","8,034,000","-7,223,000","-21,956,000","-27,744,000","-47,094,000","-43,808,000","-58,744,000","-17,798,000","-42,753,000","-19,483,000","-111,235,000","11,673,000","11,673,000","9,837,000","-73,226,000","5,361,000","5,361,000","5,361,000"
EBITDA,"978,427,000"
ReconciledCostOfRevenue,"106,751,000","24,130,000","30,891,000","27,409,000","24,321,000","29,967,000","22,467,000","22,668,000","30,979,000","30,197,000","21,447,000","28,138,000","25,579,000","21,935,000","30,035,000","21,190,000","21,463,000","20,912,000","21,279,000","25,837,000","19,450,000","26,066,000","26,748,000","25,126,000","28,832,000","29,615,000","24,660,000","23,357,000","24,436,000","26,645,000","25,244,000","30,247,000","15,141,000","10,572,000","3,751,000","3,822,000","3,285,000","2,705,000","4,611,000","2,903,000","2,578,000","2,581,000","2,456,000","1,974,000","2,206,000","1,573,000","2,867,000","4,915,000","2,170,000","1,774,000","2,896,000","1,605,000","1,352,000","1,741,000",,,,,,,,
ReconciledDepreciation,"377,106,000","67,374,000","177,947,000","66,854,000","64,931,000","60,424,000","50,413,000","50,895,000","58,694,000","56,729,000","56,702,000","50,378,000","29,279,000","28,795,000","29,783,000","29,574,000","29,254,000","25,169,000","26,441,000","28,675,000","26,031,000","26,909,000","34,037,000","32,498,000","34,655,000","32,491,000","21,507,000","20,459,000","19,994,000","20,130,000","22,426,000","22,124,000","15,980,000","13,699,000","1,973,000","1,941,000","1,947,000","1,966,000","2,035,000","2,050,000","2,268,000","2,358,000","2,383,000","2,421,000","2,191,000","2,102,000","3,812,000","4,097,000","4,472,000","2,645,000","2,668,000","2,620,000","2,614,000","2,624,000",,,,,,,,
NetIncomeFromContinuingOperationNetMinorityInterest,"280,333,000","-157,833,000","73,992,000","102,276,000","261,898,000","85,201,000","159,470,000","149,316,000","92,321,000","45,991,000","232,207,000","63,526,000","105,604,000","86,511,000","124,283,000","87,145,000","111,282,000","74,121,000","82,761,000","87,960,000","88,114,000","70,700,000","81,612,000","25,766,000","43,659,000","-92,650,000","55,293,000","75,409,000","42,185,000","43,425,000","166,206,000","33,595,000","27,145,000","27,681,000","37,473,000","32,482,000","33,202,000","21,827,000","24,459,000","13,243,000","-6,388,000","1,464,000","5,653,000","-1,672,000","2,171,000","-12,988,000","-56,940,000","-28,809,000","-51,880,000","-46,710,000","-60,020,000","-19,359,000","-39,863,000","-19,584,000","-12,337,000","-12,337,000","-12,337,000","-22,379,000","-21,289,000","-21,289,000","-21,289,000","-21,289,000"
TotalUnusualItemsExcludingGoodwill,"-398,696,000","-339,521,000","-2,234,000","-52,808,000","-4,133,000","-56,611,000","-1,694,000","-756,000","-47,018,000","-1,728,000","-8,854,000","-77,224,000","-7,427,000","-1,464,000","4,940,000","-16,387,000","0","-9,569,000","-29,432,000","-977,000","-18,729,000","2,245,000","-5,182,000","-68,517,000","-32,732,000","-126,877,000","-969,000","-614,000","-4,134,000","271,000","1,357,000","-1,099,000","-240,000",,"-150,000","-1,097,000","0","-1,000",,"0","-12,285,000","0","-4,000","0",,"8,000","-29,753,000","3,937,000","-1,000","-12,000","-19,464,000","-19,000","4,904,000","2,076,000",,,,,,,,
TotalUnusualItems,"-398,696,000","-339,521,000","-2,234,000","-52,808,000","-4,133,000","-56,611,000","-1,694,000","-756,000","-47,018,000","-1,728,000","-8,854,000","-77,224,000","-7,427,000","-1,464,000","4,940,000","-16,387,000","0","-9,569,000","-29,432,000","-977,000","-18,729,000","2,245,000","-5,182,000","-68,517,000","-32,732,000","-126,877,000","-969,000","-614,000","-4,134,000","271,000","1,357,000","-1,099,000","-240,000",,"-150,000","-1,097,000","0","-1,000",,"0","-12,285,000","0","-4,000","0",,"8,000","-29,753,000","3,937,000","-1,000","-12,000","-19,464,000","-19,000","4,904,000","2,076,000",,,,,,,,
NormalizedEBITDA,"1,377,123,000","555,610,000","241,426,000","304,540,000","275,547,000","306,778,000","237,162,000","240,428,000","301,807,000","146,264,000","214,761,000","289,056,000","203,749,000","166,399,000","190,347,000","197,214,000","197,989,000","164,650,000","194,024,000","161,184,000","198,061,000","141,423,000","176,323,000","234,051,000","174,484,000","219,709,000","116,975,000","121,633,000","101,194,000","88,046,000","89,805,000","77,424,000","51,439,000","46,955,000","39,787,000","36,742,000","35,806,000","24,571,000","27,570,000","16,493,000","25,135,000","9,587,000","13,797,000","6,130,000","10,225,000","-5,129,000","11,609,000","-27,584,000","-42,621,000","-41,151,000","-36,612,000","-15,159,000","-45,043,000","-18,935,000","-111,235,000","11,673,000","11,673,000","9,837,000","-73,226,000","5,361,000","5,361,000","5,361,000"
TaxRateForCalcs,"0.4","0.245","0.27","0.095","0.27","0.253","0.031","0.114","0.282","0.292","0.4","0.019","0.251","0.252","0.177","0.25","0.289","0.315","0.142","0.254","0.258","0.312","0.292","0.35","0.307","0.35","0.367","0.196","0.359","0.289","0.35","0.277","0.195","0.166","0.35","0.35","0.35","0.35","0.35","0.35","0.35","0.35","0.35","0.35","0.35","0.35","0.35","0.35","0.35","0.35","0.35","0.35","0.35","0.35","0.4","0.4","0.4","0.4","0.4","0.4","0.4","0.4"
TaxEffectOfUnusualItems,"-159,478,400","-83,182,645","-603,180","-5,016,760","-1,115,910","-14,322,583","-52,665.865","-86,184","-13,259,076","-504,576","-3,541,600","-1,467,256","-1,864,177","-368,928","873,452.777","-4,096,750","0","-3,014,235","-4,192,677.74","-248,158","-4,832,082","700,440","-1,512,323.47","-23,980,950","-10,048,724","-44,406,950","-355,667.159","-120,344","-1,484,106","78,319","474,950","-304,164.474","-46,900.231","0","-52,500","-383,950","0","-350","0","0","-4,299,750","0","-1,400","0","0","2,800","-10,413,550","1,377,950","-350","-4,200","-6,812,400","-6,650","1,716,400","726,600","0","0","0","0","0","0","0","0"