name,ttm,12/31/2019,12/31/2018,12/31/2017,12/31/2016,12/31/2015,12/31/2014,12/31/2013,12/31/2012,12/31/2011,12/31/2010,12/31/2009,12/31/2008,12/31/2007,12/31/2006
TotalRevenue,"1,985,900,000","1,945,700,000","1,919,700,000","1,635,100,000","1,350,500,000","1,107,300,000","984,200,000","934,200,000","917,300,000","955,800,000","880,400,000","841,600,000","1,028,100,000","978,000,000","844,300,000"
	OperatingRevenue,"1,985,900,000","1,945,700,000","1,919,700,000","1,635,100,000","1,350,500,000","1,107,300,000","984,200,000","934,200,000","917,300,000","955,800,000","880,400,000","841,600,000","1,028,100,000","978,000,000","844,300,000"
CostOfRevenue,"1,372,400,000","1,347,600,000","1,382,100,000","1,164,400,000","969,800,000","790,400,000","723,500,000","701,300,000","686,500,000","721,200,000","649,500,000","621,200,000","776,300,000","740,800,000","631,100,000"
GrossProfit,"613,500,000","598,100,000","537,600,000","470,700,000","380,700,000","316,900,000","260,700,000","232,900,000","230,800,000","234,600,000","230,900,000","220,400,000","251,800,000","237,200,000","213,200,000"
OperatingExpense,"405,000,000","398,900,000","347,700,000","323,200,000","265,000,000","227,900,000","195,500,000","178,300,000","170,900,000","169,800,000","163,800,000","164,900,000","174,900,000","172,500,000","162,900,000"
	SellingGeneralAndAdministration,"405,000,000","398,900,000","347,700,000","294,400,000","236,700,000","207,000,000","179,300,000","164,300,000","156,600,000","152,900,000","147,800,000","147,800,000","152,900,000","153,800,000","146,700,000"
		GeneralAndAdministrativeExpense,"405,000,000","398,900,000","347,700,000","294,400,000","236,700,000","207,000,000","179,300,000","164,300,000","156,600,000",,,,,,
			SalariesAndWages,"3,000,000","2,500,000","900,000",,,,,,,,,,,,
			OtherGandA,"402,000,000","396,400,000","346,800,000","294,400,000","236,700,000","207,000,000","179,300,000","164,300,000","156,600,000",,,,,,
	ResearchAndDevelopment,,,,"28,700,000","23,600,000","18,200,000","14,600,000","14,000,000","14,300,000","18,500,000","17,500,000","17,100,000","22,000,000","18,700,000","16,200,000"
	OtherOperatingExpenses,,,,"100,000","4,700,000","2,700,000","1,600,000","-200,000","-1,100,000","-1,600,000","-1,500,000",,,,
OperatingIncome,"208,500,000","199,200,000","189,900,000","147,500,000","115,700,000","89,000,000","65,200,000","54,600,000","59,900,000","64,800,000","67,100,000","55,500,000","76,900,000","64,700,000","50,300,000"
NetNonOperatingInterestIncomeExpense,"-20,300,000","-18,800,000","-13,900,000","-13,600,000","-9,400,000","-6,800,000","-6,000,000","-5,400,000","-6,900,000","-6,400,000","-7,800,000","-8,800,000","-3,800,000","500,000","400,000"
	InterestIncomeNonOperating,,,,,"1,600,000","1,100,000","1,600,000","2,200,000",,,,,,,
	InterestExpenseNonOperating,"20,300,000","18,800,000","13,900,000","13,600,000","11,000,000","7,900,000","7,600,000","7,600,000","6,900,000","6,400,000",,"8,800,000",,,
	TotalOtherFinanceCost,,"18,800,000","13,900,000","13,600,000","9,400,000","6,800,000","6,000,000","5,400,000","6,900,000",,"7,800,000",,"3,800,000","-500,000","-400,000"
OtherIncomeExpense,"-9,600,000","-13,500,000","-47,000,000","-1,700,000","-12,300,000",,"-14,500,000","-1,400,000","1,000,000","-11,600,000",,"2,200,000","-6,600,000","-3,600,000","100,000"
	SpecialIncomeCharges,"-9,600,000","-13,500,000","-47,000,000","-1,700,000","-12,300,000",,"-14,500,000","-1,600,000","-100,000","-11,600,000",,"2,200,000","-6,600,000","-3,600,000","100,000"
		RestructuringAndMergernAcquisition,"9,600,000","13,500,000","47,000,000","1,700,000","12,300,000",,"14,500,000","1,600,000","100,000","11,600,000",,,,,
	OtherNonOperatingIncomeExpenses,,,,,,,,"200,000","1,100,000",,,,,,
PretaxIncome,"178,600,000","166,900,000","129,000,000","132,200,000","94,000,000","82,200,000","44,700,000","47,800,000","54,000,000","46,800,000","59,300,000","48,900,000","66,500,000","61,600,000","50,800,000"
TaxProvision,"40,000,000","37,600,000","24,600,000","50,100,000","26,000,000","26,200,000","13,900,000","13,800,000","16,900,000","16,000,000","21,400,000","16,100,000","22,400,000","21,500,000","16,000,000"
NetIncomeCommonStockholders,"138,300,000","129,000,000","104,100,000","80,500,000","67,600,000","55,900,000","30,800,000","33,100,000","36,200,000","30,500,000","37,300,000","32,800,000","44,200,000","36,400,000","34,600,000"
	NetIncome,"138,300,000","129,000,000","104,100,000","80,500,000","67,600,000","55,900,000","30,800,000","33,100,000","36,200,000","30,500,000","37,300,000","32,800,000","44,200,000","36,400,000","34,600,000"
		NetIncomeIncludingNoncontrollingInterests,"138,300,000","129,000,000","104,100,000","80,500,000","67,600,000","55,900,000","30,800,000","33,100,000","36,200,000","30,500,000","37,300,000","32,800,000","44,200,000","36,400,000","34,600,000"
			NetIncomeContinuousOperations,"138,600,000","129,300,000","104,400,000","82,100,000","68,000,000","56,000,000","30,800,000","34,000,000","37,100,000","30,800,000","37,900,000","32,800,000","44,100,000","40,100,000","34,800,000"
			NetIncomeDiscontinuousOperations,"-300,000","-300,000","-300,000","-1,600,000","-400,000","-100,000","0","-900,000","-900,000","-300,000","-600,000","0","100,000","-3,700,000","-200,000"
DilutedNIAvailtoComStockholders,"138,300,000","129,000,000","104,100,000","80,500,000","67,600,000","55,900,000","30,800,000","33,100,000","36,200,000","30,500,000","37,300,000","32,800,000","44,200,000","36,400,000","34,600,000"
BasicEPS,,"4.04","3.26","2.56","2.3","1.89","1.04","1.13","1.24","1.06","1.32","1.19","1.61","1.324","1.258"
DilutedEPS,,"4.02","3.23","2.53","2.27","1.88","1.03","1.11","1.23","1.04","1.28","1.15","1.59","1.324","1.258"
BasicAverageShares,,"31,900,000","31,900,000","31,400,000","29,400,000","29,500,000","29,500,000","29,200,000","29,100,000","28,800,000","28,300,000","27,600,000","27,500,000","27,500,000","27,500,000"
DilutedAverageShares,,"32,000,000","32,200,000","31,900,000","29,800,000","29,800,000","29,900,000","29,700,000","29,500,000","29,300,000","29,100,000","28,600,000","27,800,000","27,500,000","27,500,000"
TotalOperatingIncomeAsReported,"201,900,000","188,200,000","143,800,000","145,800,000","103,400,000","89,000,000","50,700,000","53,200,000","60,900,000","53,200,000","67,100,000",,,"64,700,000","50,300,000"
TotalExpenses,"1,777,400,000","1,746,500,000","1,729,800,000","1,487,600,000","1,234,800,000","1,018,300,000","919,000,000","879,600,000","857,400,000","891,000,000","813,300,000","786,100,000","951,200,000","913,300,000","794,000,000"
NetIncomeFromContinuingAndDiscontinuedOperation,"138,300,000","129,000,000","104,100,000","80,500,000","67,600,000","55,900,000","30,800,000","33,100,000","36,200,000","30,500,000","37,300,000","32,800,000","44,200,000","36,400,000","34,600,000"
NormalizedIncome,"146,049,944.009","139,749,000","142,418,300","83,155,700","76,856,000","56,000,000","40,805,000","35,136,000","37,169,000","38,434,188.034","37,900,000","31,324,335.378","48,476,842.105","42,443,506.494","34,731,496.063"
InterestIncome,,,,,"1,600,000","1,100,000","1,600,000","2,200,000",,,,,,,
InterestExpense,"20,300,000","18,800,000","13,900,000","13,600,000","11,000,000","7,900,000","7,600,000","7,600,000","6,900,000","6,400,000",,"8,800,000",,,
NetInterestIncome,"-20,300,000","-18,800,000","-13,900,000","-13,600,000","-9,400,000","-6,800,000","-6,000,000","-5,400,000","-6,900,000","-6,400,000","-7,800,000","-8,800,000","-3,800,000","500,000","400,000"
EBIT,"198,900,000","185,700,000","142,900,000","145,800,000","105,000,000","90,100,000","52,300,000","55,400,000","60,900,000","53,200,000","67,100,000","57,700,000","76,900,000","64,700,000","50,300,000"
EBITDA,"267,300,000"
ReconciledCostOfRevenue,"1,372,400,000","1,347,600,000","1,382,100,000","1,164,400,000","969,800,000","790,400,000","723,500,000","701,300,000","686,500,000","721,200,000","649,500,000","621,200,000","776,300,000","740,800,000","631,100,000"
ReconciledDepreciation,"68,400,000","65,600,000","57,700,000","51,700,000","38,500,000","29,600,000","25,300,000","25,000,000","23,600,000","24,100,000","22,900,000","22,600,000","25,500,000","25,100,000","23,200,000"
NetIncomeFromContinuingOperationNetMinorityInterest,"138,600,000","129,300,000","104,400,000","82,100,000","68,000,000","56,000,000","30,800,000","34,000,000","37,100,000","30,800,000","37,900,000","32,800,000","44,100,000","40,100,000","34,800,000"
TotalUnusualItemsExcludingGoodwill,"-9,600,000","-13,500,000","-47,000,000","-1,700,000","-12,300,000",,"-14,500,000","-1,600,000","-100,000","-11,600,000",,"2,200,000","-6,600,000","-3,600,000","100,000"
TotalUnusualItems,"-9,600,000","-13,500,000","-47,000,000","-1,700,000","-12,300,000",,"-14,500,000","-1,600,000","-100,000","-11,600,000",,"2,200,000","-6,600,000","-3,600,000","100,000"
NormalizedEBITDA,"276,900,000","264,800,000","247,600,000","199,200,000","155,800,000","119,700,000","92,100,000","82,000,000","84,600,000","88,900,000","90,000,000","78,100,000","109,000,000","93,400,000","73,400,000"
TaxRateForCalcs,"0.224","0.226","0.191","0.379","0.28","0.319","0.31","0.29","0.31","0.342","0.361","0.329","0.337","0.349","0.315"
TaxEffectOfUnusualItems,"-2,150,055.991","-3,051,000","-8,981,700","-644,300","-3,444,000","0","-4,495,000","-464,000","-31,000","-3,965,811.966","0","724,335.378","-2,223,157.895","-1,256,493.506","31,496.063"