name,ttm,12/31/2019,09/30/2019,06/30/2019,03/31/2019,12/31/2018,09/30/2018,06/30/2018,03/31/2018,12/31/2017,09/30/2017,06/30/2017,03/31/2017,12/31/2016,09/30/2016,06/30/2016,03/31/2016,12/31/2015,09/30/2015,06/30/2015,03/31/2015,12/31/2014,09/30/2014,06/30/2014,03/31/2014,12/31/2013,09/30/2013,06/30/2013,03/31/2013,12/31/2012,09/30/2012,06/30/2012,03/31/2012,12/31/2011,09/30/2011,06/30/2011,03/31/2011,12/31/2010,09/30/2010,06/30/2010,03/31/2010,12/31/2009,09/30/2009,06/30/2009,03/31/2009,12/31/2008,09/30/2008,06/30/2008,03/31/2008,12/31/2007,09/30/2007,06/30/2007,03/31/2007,12/31/2006,09/30/2006,06/30/2006,03/31/2006,12/31/2005,09/30/2005,06/30/2005,03/31/2005,12/31/2004,09/30/2004,06/30/2004,03/31/2004
TotalRevenue,"4,000,025,000","1,135,619,000","988,953,000","963,592,000","911,861,000","1,108,550,000","944,003,000","885,785,000","801,363,000","863,052,000","720,338,000","665,547,000","599,655,000","686,998,000","589,287,000","550,519,000","511,530,000","598,108,000","513,338,000","497,414,000","446,360,000","513,919,000","457,958,000","441,046,000","419,530,000","453,154,000","402,815,000","387,970,000","364,729,000","380,656,000","357,731,000","345,334,000","363,617,000","352,411,000","326,045,000","315,372,000","305,850,000","285,611,000","257,497,000","248,603,000","240,508,000","213,937,000","208,011,000","183,202,000","168,797,000","145,780,762.24","210,749,726.72","218,624,604.67","236,483,485.84","214,544,525.04","220,322,432","209,712,133.5","200,424,247.2","170,967,189.059","180,684,135.182","173,870,656.375","172,622,378.201","170,646,175.323","151,589,797.647","139,191,951.519","134,464,606.345","110,811,208.284","128,160,637.836","108,553,864.395","108,553,864.395"
	OperatingRevenue,"4,000,025,000","1,135,619,000","988,953,000","963,592,000","911,861,000","1,120,502,000","954,645,000","895,526,000","811,273,000","872,106,000","728,229,000","673,167,000","607,713,000","694,152,000","595,033,000","559,754,000","523,756,000","610,819,000","524,977,000","508,000,000","458,093,000","528,593,000","473,975,000","457,524,000","437,201,000","472,406,000","419,599,000","404,361,000","380,375,000","397,312,000","373,697,000","360,428,000","380,812,000","369,833,000","343,279,000","332,439,000","324,548,000","301,703,000","271,645,000","262,376,000","254,271,000","225,956,000","219,597,000","193,304,000","178,263,000","190,719,762.24","210,749,726.72","218,624,604.67","236,483,485.84","214,544,525.04","220,322,432","209,712,133.5","200,424,247.2","170,967,189.059","180,684,135.182","173,870,656.375","172,622,378.201","170,646,175.323","151,589,797.647","139,191,951.519","134,464,606.345","110,811,208.284","128,160,637.836","108,553,864.395","108,553,864.395"
	ExciseTaxes,,,,,,,,,,,,"7,620,000","8,058,000","7,154,000","5,746,000","9,235,000","12,226,000","12,711,000","11,639,000","10,586,000","11,733,000","14,674,000","16,017,000","16,478,000","17,671,000","19,252,000","16,784,000","16,391,000","15,646,000","16,656,000","15,966,000","15,094,000","17,195,000","17,422,000","17,234,000","17,067,000","18,698,000","16,092,000","14,148,000","13,773,000","13,763,000","12,019,000","11,586,000","10,102,000","9,466,000",,,,,,,,,,,,,,,,,,,,
CostOfRevenue,"1,221,935,000","378,148,000","306,690,000","287,733,000","249,364,000","329,683,000","259,327,000","244,771,000","204,985,000","230,076,000","196,155,000","178,541,000","158,668,000","200,447,000","167,827,000","155,480,000","139,247,000","169,727,000","147,917,000","135,238,000","117,097,000","149,998,000","123,953,000","115,234,000","106,815,000","129,853,000","111,289,000","101,949,000","99,363,000","111,908,000","98,489,000","94,503,000","100,333,000","101,644,000","89,863,000","88,781,000","90,373,000","98,941,000","81,383,000","79,586,000","85,955,000","79,677,000","78,309,000","73,644,000","74,092,000","88,507,117.12","94,215,752.96","93,815,738.45","99,316,190.96","89,834,738.76","90,694,104","83,980,657.5","84,820,708.8","74,247,080.094","74,783,837.729","72,398,410.572","72,761,334.898","62,447,837.45","68,736,405.648","69,263,107.209","69,018,893.506","58,452,546.952","58,368,896.246","53,882,594.244",
GrossProfit,"2,778,090,000","757,471,000","682,263,000","675,859,000","662,497,000","778,867,000","684,676,000","641,014,000","596,378,000","632,976,000","524,183,000","487,006,000","440,987,000","486,551,000","421,460,000","395,039,000","372,283,000","428,381,000","365,421,000","362,176,000","329,263,000","363,921,000","334,005,000","325,812,000","312,715,000","323,301,000","291,526,000","286,021,000","265,366,000","268,748,000","259,242,000","250,831,000","263,284,000","250,767,000","236,182,000","226,591,000","215,477,000","186,670,000","176,114,000","169,017,000","154,553,000","134,260,000","129,702,000","109,558,000","94,705,000","57,273,645.12","116,533,973.76","124,808,866.22","137,167,294.88","124,709,786.28","129,628,328","125,731,476","115,603,538.4","96,720,108.965","105,900,297.453","101,472,245.802","99,861,043.303","108,198,337.873","82,853,391.999","69,928,844.31","65,445,712.84","52,358,661.332","69,791,741.59","54,671,270.151",
OperatingExpense,"1,572,305,000","362,174,000","425,517,000","405,643,000","378,971,000","353,389,000","414,131,000","422,872,000","360,343,000","315,714,000","323,251,000","298,885,000","276,542,000","276,816,000","274,638,000","266,848,000","245,192,000","241,409,000","230,556,000","239,734,000","205,836,000","210,315,000","206,208,000","203,373,000","192,944,000","189,985,000","177,174,000","160,555,000","149,853,000","149,390,000","142,263,000","132,387,000","132,520,000","138,706,000","123,978,000","117,771,000","107,366,000","108,943,000","107,210,000","104,561,000","93,476,000","92,516,000","89,637,000","82,792,000","82,966,000","86,500,593.6","82,933,413.12","84,087,968.42","86,243,287.92","92,786,210.12","82,448,504","71,951,920.5","62,669,733.6","67,381,935.626","65,124,381.59","62,564,650.4","56,101,262.737","53,902,288.19","53,006,046.424","51,546,467.202","57,364,433.803","36,991,343.739","35,205,490.161","34,457,600.699",
	SellingGeneralAndAdministration,"1,572,305,000","362,174,000","425,517,000","405,643,000","378,971,000","353,389,000","414,131,000","422,872,000","360,343,000","315,714,000","323,251,000","298,885,000","276,542,000","276,816,000","274,638,000","266,848,000","245,192,000","241,409,000","230,556,000","239,734,000","205,836,000","210,315,000","206,208,000","203,373,000","192,944,000","189,985,000","177,174,000","160,555,000","149,853,000","149,390,000","142,263,000","132,387,000","132,520,000","138,706,000","123,978,000","117,771,000","107,366,000","108,943,000","107,210,000","104,561,000","93,476,000","92,516,000","89,637,000","82,792,000","82,966,000","86,500,593.6","82,933,413.12","84,087,968.42","86,243,287.92","92,786,210.12","82,448,504","71,951,920.5","62,669,733.6","67,381,935.626","65,124,381.59","62,564,650.4","56,101,262.737","53,902,288.19","53,006,046.424","51,546,467.202","57,364,433.803","36,991,335.461","35,205,481.883","34,457,600.699",
		GeneralAndAdministrativeExpense,"384,072,000","102,135,000","99,738,000","91,956,000","90,243,000","88,614,000","90,758,000","88,655,000","85,530,000","76,093,000","78,218,000","70,638,000","71,659,000","73,550,000","70,124,000","68,869,000","67,459,000","69,385,000","65,364,000","65,789,000","62,529,000","65,059,000","62,420,000","60,805,000","60,991,000","62,475,000","57,432,000","49,438,000","48,420,000","52,195,000","48,530,000","43,584,000","42,151,000","40,781,000","41,780,000","39,092,000","36,702,000","24,559,000","38,705,000","36,061,000","37,322,000","29,413,000","36,469,000","34,301,000","33,328,000",,,,,,,,,,,,,,,,,,,,
			OtherGandA,"384,072,000","102,135,000","99,738,000","91,956,000","90,243,000","88,614,000","90,758,000","88,655,000","85,530,000","76,093,000","78,218,000","70,638,000","71,659,000","73,550,000","70,124,000","68,869,000","67,459,000","69,385,000","65,364,000","65,789,000","62,529,000","65,059,000","62,420,000","60,805,000","60,991,000","62,475,000","57,432,000","49,438,000","48,420,000","52,195,000","48,530,000","43,584,000","42,151,000","40,781,000","41,780,000","39,092,000","36,702,000","24,559,000","38,705,000","36,061,000","37,322,000","29,413,000","36,469,000","34,301,000","33,328,000",,,,,,,,,,,,,,,,,,,,
		SellingAndMarketingExpense,"1,188,233,000","260,039,000","325,779,000","313,687,000","288,728,000","264,775,000","323,373,000","334,217,000","274,813,000","239,621,000","245,033,000","228,247,000","204,883,000","203,266,000","204,514,000","197,979,000","177,733,000","172,024,000","165,192,000","173,945,000","143,307,000","145,256,000","143,788,000","142,568,000","131,953,000","127,510,000","119,742,000","111,117,000","101,433,000","97,195,000","93,733,000","88,803,000","90,369,000","97,925,000","82,198,000","78,679,000","70,664,000","84,384,000","68,505,000","68,500,000","56,154,000","63,103,000","53,168,000","48,491,000","49,638,000",,,,,,,,,,,,,,,,,,,,
	OtherOperatingExpenses,,,,,,,,,,,,,,,,,,,,,,,,,,,,,,,,,,,,,,,,,,,,,,,,,,,,,,,,,,,,,,,"8.278",,
OperatingIncome,"1,205,785,000","395,297,000","256,746,000","270,216,000","283,526,000","425,478,000","270,545,000","218,142,000","236,035,000","317,262,000","200,932,000","188,121,000","164,445,000","209,735,000","146,822,000","128,191,000","127,091,000","186,972,000","134,865,000","122,442,000","123,427,000","153,606,000","127,797,000","122,439,000","119,771,000","133,316,000","114,352,000","125,466,000","115,513,000","119,358,000","116,979,000","118,444,000","130,764,000","112,061,000","112,204,000","108,820,000","108,111,000","77,727,000","68,904,000","64,456,000","61,077,000","41,744,000","40,065,000","26,766,000","11,739,000","-29,226,948.48","33,600,560.64","40,720,897.8","50,924,006.96","31,923,576.16","47,179,824","53,779,555.5","52,933,804.8","29,338,173.339","40,775,915.863","38,907,595.402","43,759,780.566","54,296,049.683","29,847,345.575","18,382,377.109","8,081,279.037","15,367,317.594","34,586,251.429","20,213,669.452","108,553,864.395"
NetNonOperatingInterestIncomeExpense,"175,584,000","49,214,000","48,390,000","45,424,000","32,556,000","34,585,000","29,654,000","26,420,000","23,014,000","20,905,000","21,230,000","19,451,000","15,423,000","13,625,000","12,749,000","13,900,000","18,659,000","23,018,000","24,235,000","23,801,000","22,494,000","22,431,000","22,296,000","-25,180,000","21,670,000","20,238,000","19,214,000","18,572,000","17,277,000","16,186,000","15,870,000","15,383,000","14,214,000","11,911,000","11,405,000","11,255,000","7,462,000","5,038,000","4,925,000","4,661,000","4,089,000","3,895,000","3,974,000","3,581,000","3,633,000",,,,,,,,,,,,,,,,,,,,
	InterestIncomeNonOperating,"175,584,000",,,,,,,,,,,,,,,,,,,,,,,,"21,670,000","20,238,000","19,214,000","18,572,000","17,277,000","16,186,000","15,870,000","15,383,000","14,214,000","11,911,000","11,405,000","11,255,000","7,462,000","5,038,000","4,925,000","4,661,000","4,089,000","3,895,000","3,974,000","3,581,000","3,633,000",,,,,,,,,,,,,,,,,,,,
	TotalOtherFinanceCost,"-175,584,000","-49,214,000","-48,390,000","-45,424,000","-32,556,000","-34,585,000","-29,654,000","-26,420,000","-23,014,000","-20,905,000","-21,230,000","-19,451,000","-15,423,000","-13,625,000","-12,749,000","-13,900,000","-18,659,000","-23,018,000","-24,235,000","-23,801,000","-22,494,000","-22,431,000","-22,296,000","25,180,000",,,,,,,,,,,,,,,,,,,,,,,,,,,,,,,,,,,,,,,,,
OtherIncomeExpense,"-619,277,000","-139,037,000","44,095,000","-181,657,000","-342,678,000","465,784,000","545,937,000","-236,219,000","-552,500,000","14,175,000","-347,640,000","-96,285,000","24,237,000","14,588,000","-17,530,000","66,440,000","-34,384,000","-30,489,000","36,802,000","23,370,000","53,161,000","-60,650,000","63,264,000","-16,113,000","614,000","28,788,000","8,984,000","489,000","-1,261,000","11,683,000","3,218,000","3,734,000","-148,000","4,446,000","-3,024,000","-13,910,000","-3,177,000","-1,936,000","1,218,000","1,411,000","172,000","1,208,000","7,350,000","507,000","255,000","279,369.28","1,341,831.68","-6,779,960.93","-10,106,251.76","-6,588,404.28","-3,110,840","-3,877,785","-2,787,208.8","-2,398,553.429","-2,285,715.539","-1,164,482.781","-1,678,900.924","4,040,748.616","-10,469,036.338","31,821.209","421,746.908","-5,463.579","1,479,181.233","246,283.241",
	GainOnSaleOfSecurity,"25,471,000","-48,246,000","31,366,000","28,571,000","13,780,000","349,013,000","542,607,000","-80,775,000","36,287,000","7,675,000","-2,183,000","-1,822,000","-40,000","1,564,000","-18,000","-6,577,000","5,269,000","-21,060,000","-35,213,000","3,906,000","-3,490,000","4,525,000","-362,000","-19,537,000","539,000","-1,344,000","-1,387,000","-2,390,000","-1,401,000","-1,760,000","515,000","960,000",,,,,,"-3,012,000","-2,723,000","-1,045,000","-68,000",,,"-142,000","31,000",,,,,,,,,,,,,,,,,,,,
	SpecialIncomeCharges,"-98,277,000",,,,,,,,,,,,,,,,,,,,,,,,,,,,,"-5,491,000","2,703,000","2,774,000","-148,000","13,809,000","-3,024,000","-13,910,000","-3,177,000","1,076,000","3,941,000","2,456,000","240,000","1,442,000","7,350,000","649,000","224,000","18,011,369.28","1,341,831.68","-6,779,960.93","-10,106,251.76","-6,588,404.28","-3,110,840","-3,877,785","-2,787,208.8","-2,398,553.429","-2,285,715.539","-1,164,482.781","-1,678,900.924","4,040,748.616","-10,469,036.338","31,821.209","421,746.908","-5,463.579","1,479,181.233","246,283.241",
		ImpairmentOfCapitalAssets,,,,,,,,,,,,,,,,,,,,,,,,,,,,,,,"0",,,,,,,,,,,,,,,,,,,,,,,,,,,,,,,,,,
		WriteOff,"98,277,000"
		OtherSpecialCharges,,,,,,,,,,,,,,,,,,,,,,,,,,,,,,,"-2,703,000",,,,,,,,,,,,,,,,,,,,,,,,,,,,,,,,,,
	OtherNonOperatingIncomeExpenses,"-546,471,000","7,486,000","12,729,000","-210,228,000","-356,458,000","116,771,000","3,330,000","-155,444,000","-588,787,000","6,500,000","-345,457,000","-94,463,000","24,277,000","13,024,000","-17,512,000","73,017,000","-39,653,000","-9,429,000","72,015,000","19,464,000","56,651,000","-65,175,000","63,626,000","3,424,000","75,000","30,132,000","10,371,000","2,879,000","140,000",,,,,,,,,,,,,,,,,,,,,,,,,,,,,,,,,,,,
PretaxIncome,"762,092,000","305,474,000","349,231,000","133,983,000","-26,596,000","925,847,000","846,136,000","8,343,000","-293,451,000","352,342,000","-125,478,000","111,287,000","204,105,000","237,948,000","142,041,000","208,531,000","111,366,000","179,501,000","195,902,000","169,613,000","199,082,000","115,387,000","213,357,000","81,146,000","142,055,000","182,342,000","142,550,000","144,527,000","131,529,000","147,227,000","136,067,000","137,561,000","144,830,000","128,418,000","120,585,000","106,165,000","112,396,000","80,829,000","75,047,000","70,528,000","65,338,000","46,847,000","51,389,000","30,854,000","15,627,000","11,432,116.16","30,800,513.92","30,280,169.29","34,723,145.36","20,747,879.76","38,769,312","45,073,548","44,487,249.6","23,723,434.609","33,997,679.068","33,352,845.513","36,903,570.011","29,915,087.575","24,940,864.542","23,178,273.642","13,377,796.692","17,529,462.758","36,282,402.973","20,690,838.574",
TaxProvision,"235,890,000","57,630,000","50,784,000","67,420,000","60,056,000","71,369,000","61,228,000","65,662,000","44,175,000","46,877,000","41,010,000","40,529,000","41,077,000","34,635,000","34,175,000","40,332,000","25,557,000","37,828,000","30,058,000","32,660,000","25,755,000","34,131,000","26,139,000","29,189,000","23,576,000","27,082,000","25,198,000","25,291,000","22,737,000","25,104,000","23,205,000","22,948,000","24,322,000","14,488,000","23,081,000","22,702,000","20,785,000","13,882,000","12,103,000","16,200,000","14,896,000","466,000","15,475,000","10,085,000","6,179,000","5,256,741.12","2,279,744.64","10,982,302.74","12,469,754.08","6,929,881.92","12,083,552","14,081,682","12,345,559.2","3,945,871.597","6,939,215.359","7,309,865.296","10,390,470.762","10,565,099.914","7,910,381.468","7,283,422.662","4,200,672.714","7,649,788.746","11,017,580.232","7,693,977.511",
NetIncomeCommonStockholders,"532,318,000","249,549,000","300,161,000","67,424,000","-84,816,000","856,336,000","785,423,000","-56,628,000","-332,812,000","305,357,000","-166,982,000","70,594,000","162,920,000","203,431,000","108,001,000","168,689,000","85,857,000","141,849,000","165,928,000","136,953,000","173,327,000","81,256,000","187,218,000","51,957,000","118,479,000","155,260,000","117,352,000","119,236,000","108,792,000","122,123,000","112,862,000","114,613,000","120,508,000","113,930,000","97,504,000","83,463,000","91,611,000","66,947,000","62,944,000","54,328,000","50,442,000","46,381,000","35,914,000","20,769,000","9,448,000","6,175,375.04","28,520,769.28","19,297,866.55","22,253,391.28","13,817,997.84","26,685,760","30,991,866","32,141,690.4","19,777,563.012","27,058,463.709","26,042,980.217","26,513,099.249","19,349,987.661","17,030,483.074","15,894,850.981","9,177,123.977","9,879,674.012","25,264,822.74","12,996,852.785","12,996,852.785"
	NetIncome,"532,318,000","249,549,000","300,161,000","67,424,000","-84,816,000","856,336,000","785,423,000","-56,628,000","-332,812,000","305,357,000","-166,982,000","70,594,000","162,920,000","203,431,000","108,001,000","168,689,000","85,857,000","141,849,000","165,928,000","136,953,000","173,327,000","81,256,000","187,218,000","51,957,000","118,479,000","155,260,000","117,352,000","119,236,000","108,792,000","122,123,000","112,862,000","114,613,000","120,508,000","113,930,000","97,504,000","83,463,000","91,611,000","66,947,000","62,944,000","54,328,000","50,442,000","46,381,000","35,914,000","20,769,000","9,448,000","6,175,375.04","28,520,769.28","19,297,866.55","22,253,391.28","13,817,997.84","26,685,760","30,991,866","32,141,690.4","19,777,563.012","27,058,463.709","26,042,980.217","26,513,099.249","19,349,987.661","17,030,483.074","15,894,850.981","9,177,123.977","9,879,674.012","25,264,822.74","12,996,852.785","12,996,852.785"
		NetIncomeIncludingNoncontrollingInterests,"526,202,000","247,844,000","298,447,000","66,563,000","-86,652,000","854,478,000","784,908,000","-57,319,000","-337,626,000","305,465,000","-166,488,000","70,758,000","163,028,000","203,313,000","107,866,000","168,199,000","85,809,000","141,673,000","165,844,000","136,953,000","173,327,000","81,256,000","187,218,000","51,957,000","118,479,000","155,260,000","117,352,000","119,236,000","108,792,000","122,123,000","112,862,000","114,613,000","120,508,000","113,930,000","97,504,000","83,463,000","91,611,000","66,947,000","62,944,000","54,328,000","50,442,000","46,381,000","35,914,000","20,769,000","9,448,000","6,175,375.04","28,520,769.28","19,297,866.55","22,253,391.28","13,817,997.84","26,685,760","30,991,866","32,141,690.4","19,777,563.012","27,058,463.709","26,042,980.217","26,513,099.249","19,349,987.661","17,030,483.074","15,894,850.981","9,177,123.977","9,879,674.012","25,264,822.74","12,996,852.785","12,996,852.785"
			NetIncomeContinuousOperations,"526,202,000","247,844,000","298,447,000","66,563,000","-86,652,000","854,478,000","784,908,000","-57,319,000","-337,626,000","305,465,000","-166,488,000","70,758,000","163,028,000","203,313,000","107,866,000","168,199,000","85,809,000","141,673,000","165,844,000","136,953,000","173,327,000","81,256,000","187,218,000","51,957,000","118,479,000","155,260,000","117,352,000","119,236,000","108,792,000","122,123,000","112,862,000","114,613,000","120,508,000","113,930,000","97,504,000","83,463,000","91,611,000","66,947,000","62,944,000","54,328,000","50,442,000","46,381,000","35,914,000","20,769,000","9,448,000","6,175,375.04","28,520,769.28","19,297,866.55","22,253,391.28","13,817,997.84","26,685,760","30,991,866","32,141,690.4","19,777,563.012","27,058,463.709","26,042,980.217","26,513,099.249","19,349,987.661","17,030,483.074","15,894,850.981","9,177,123.977","9,879,674.012","25,264,822.74","12,996,852.785","12,996,852.785"
		MinorityInterests,"6,116,000","1,705,000","1,714,000","861,000","1,836,000","1,858,000","515,000","691,000","4,814,000","-108,000","-494,000","-164,000","-108,000","118,000","135,000","490,000","48,000","176,000","84,000",,,,,,,,,,,,,,,,,,,,,,,,,,,,,,,,,,,,,,,,,,,,,,
DilutedNIAvailtoComStockholders,"532,318,000","249,549,000","300,161,000","67,424,000","-84,816,000","856,336,000","785,423,000","-56,628,000","-332,812,000","305,357,000","-166,982,000","70,594,000","162,920,000","203,431,000","108,001,000","168,689,000","85,857,000","174,502,000","165,928,000","136,953,000","173,327,000","81,256,000","187,218,000","51,957,000","118,479,000","155,260,000","117,352,000","119,236,000","108,792,000","122,123,000","112,862,000","114,613,000","120,508,000","113,930,000","97,504,000","83,463,000","91,611,000","66,947,000","62,944,000","54,328,000","50,442,000","46,381,000","35,914,000","20,769,000","9,448,000","6,175,375.04","28,520,769.28","19,297,866.55","22,253,391.28","13,817,997.84","26,685,760","30,991,866","32,141,690.4","19,777,563.012","27,058,463.709","26,042,980.217","26,513,099.249","19,349,987.661","17,030,483.074","15,894,850.981","9,177,123.977","9,879,674.012","25,264,822.74","12,996,852.785","12,996,852.785"
BasicEPS,,,"4.52","1.03","-1.38",,"12.78","-0.92","-5.46","5.02","-2.76","1.18","2.76","3.47","1.85","2.91","1.49","2.47","2.87","2.36","3.01",,"3.23","0.88","2","2.63","1.99","2.04","1.88",,"1.96","1.99","2.11",,"1.72","1.47","1.62",,"1.13","0.99","0.92",,"0.65","0.37","0.17",,"0.513","0.034","0.386",,"0.487","1.064","0.579",,"0.474","0.48","0.481",,"0.324","0.29","0.166",,"0.579","0.305","0.305"
DilutedEPS,,,"4.44","1","-1.38",,"5.16","-0.92","-5.46","4.42","-2.76","1.16","2.74","3.45","1.84","2.9","1.48","2.45","2.62","2.33","2.06",,"2.17","0.86","1.95","2.57","1.95","1.99","1.82",,"1.91","1.93","2.03",,"1.65","1.41","1.55",,"1.1","0.97","0.91",,"0.65","0.37","0.17",,"0.513","0.034","0.386",,"0.487","1.064","0.579",,"0.474","0.44","0.481",,"0.283","0.29","0.166",,"0.538","0.285","0.285"
BasicAverageShares,,,"66,369,912","65,618,355","61,645,331",,"61,465,682","61,350,009","60,934,455","60,774,701","60,566,713","60,031,311","58,951,190","58,594,960","58,236,116","58,065,551","57,629,066","57,435,477","57,836,280","57,936,743","57,651,944",,"57,984,142","59,285,976","59,234,158","59,043,449","58,845,116","58,400,383","57,902,999",,"57,618,599","57,573,988","57,125,048",,"56,837,045","56,723,431","56,508,322",,"55,531,881","55,055,771","55,114,287",,"55,262,260","55,800,083","56,134,358",,"56,643,124","56,576,628","56,522,124",,"56,305,902","56,206,580","56,143,428",,"55,545,312","55,031,824","54,924,054",,"55,715,514","55,756,056","55,659,608",,"58,077,282","28,876,086","42,605,672"
DilutedAverageShares,,,"67,622,677","67,754,553","61,645,331",,"67,304,326","61,350,009","60,934,455","66,339,820","60,566,713","60,831,254","59,514,570","58,934,411","58,613,908","58,257,432","58,120,541","58,012,047","62,296,242","58,767,817","62,848,198",,"63,177,289","60,273,997","60,827,361","60,528,878","60,129,379","59,899,196","59,701,301",,"59,153,900","59,339,624","59,340,782",,"59,176,145","59,131,101","59,062,630",,"57,120,928","55,758,113","55,612,293",,"55,482,240","55,857,437","56,212,697",,"56,728,878","56,747,286","56,701,560",,"56,649,982","56,613,892","56,550,790",,"56,424,920","56,366,314","56,280,826",,"57,281,182","57,402,432","57,618,226",,"62,173,986","30,741,728","45,573,846"
TotalOperatingIncomeAsReported,"1,205,785,000","395,297,000","256,746,000","270,216,000","283,526,000","425,478,000","270,545,000","218,142,000","236,035,000","317,262,000","200,932,000","188,121,000","164,445,000","209,735,000","146,822,000","128,191,000","127,091,000","186,972,000","134,865,000","122,442,000","123,427,000","153,606,000","127,797,000","122,439,000","119,771,000","133,316,000","114,352,000","125,466,000","115,513,000","119,358,000","116,979,000","118,444,000","130,764,000","112,061,000","112,204,000","108,820,000","108,111,000","77,727,000","68,904,000","64,456,000","61,077,000","41,744,000","40,065,000","26,766,000","11,739,000","5,126,680.96","22,249,760","30,252,747.81","38,580,493.36","20,552,484.88","35,396,112","43,012,999.5","41,831,294.4","20,423,687.094","30,796,358.464","29,504,222.846","34,030,421.105","20,714,447.535","29,847,345.575","18,382,377.109","8,081,279.037","15,367,317.594","34,586,251.429","20,213,669.452",
TotalExpenses,"2,794,240,000","740,322,000","732,207,000","693,376,000","628,335,000","683,072,000","673,458,000","667,643,000","565,328,000","545,790,000","519,406,000","477,426,000","435,210,000","477,263,000","442,465,000","422,328,000","384,439,000","411,136,000","378,473,000","374,972,000","322,933,000","360,313,000","330,161,000","318,607,000","299,759,000","319,838,000","288,463,000","262,504,000","249,216,000","261,298,000","240,752,000","226,890,000","232,853,000","240,350,000","213,841,000","206,552,000","197,739,000","207,884,000","188,593,000","184,147,000","179,431,000","172,193,000","167,946,000","156,436,000","157,058,000","175,007,710.72","177,149,166.08","177,903,706.87","185,559,478.88","182,620,948.88","173,142,608","155,932,578","147,490,442.4","141,629,015.72","139,908,219.319","134,963,060.973","128,862,597.636","116,350,125.64","121,742,452.072","120,809,574.41","126,383,327.309","95,443,890.69","93,574,386.407","88,340,194.944",
NetIncomeFromContinuingAndDiscontinuedOperation,"532,318,000","249,549,000","300,161,000","67,424,000","-84,816,000","856,336,000","785,423,000","-56,628,000","-332,812,000","305,357,000","-166,982,000","70,594,000","162,920,000","203,431,000","108,001,000","168,689,000","85,857,000","141,849,000","165,928,000","136,953,000","173,327,000","81,256,000","187,218,000","51,957,000","118,479,000","155,260,000","117,352,000","119,236,000","108,792,000","122,123,000","112,862,000","114,613,000","120,508,000","113,930,000","97,504,000","83,463,000","91,611,000","66,947,000","62,944,000","54,328,000","50,442,000","46,381,000","35,914,000","20,769,000","9,448,000","6,175,375.04","28,520,769.28","19,297,866.55","22,253,391.28","13,817,997.84","26,685,760","30,991,866","32,141,690.4","19,777,563.012","27,058,463.709","26,042,980.217","26,513,099.249","19,349,987.661","17,030,483.074","15,894,850.981","9,177,123.977","9,879,674.012","25,264,822.74","12,996,852.785","12,996,852.785"
NormalizedIncome,"582,554,140","288,693,024.12","273,356,138.456","45,995,750","-95,151,000","534,226,698.772","282,080,067.947","3,953,250","-360,027,250","298,703,112.939","-165,344,750","71,752,455.848","162,951,949.83","202,094,651.167","108,014,669.208","173,993,941.822","81,797,164.673","158,470,820.38","195,738,133.495","133,800,858","176,366,790","78,069,476.388","187,535,474","64,460,680","118,029,454.535","156,404,384.947","118,493,825.493","121,207,770.257","109,950,813.585","128,137,616.022","110,192,800.885","111,501,907.888","120,631,145.647","101,678,918.61","99,949,180.545","94,398,527.999","94,200,488.478","68,550,501.12","61,922,429.624","53,241,101.066","50,309,213.199","44,953,343.971","30,777,338.458","20,427,719.032","9,293,828.374","-7,333,151.92","27,278,255.215","23,618,806.106","28,730,292.277","18,205,846.486","28,827,018.778","33,658,170.261","34,155,426.99","21,777,169.829","28,877,645.272","26,952,246.025","27,719,293.306","16,736,308.672","24,179,102.395","15,873,029.106","8,887,807.003","9,882,952.159","24,234,812.361","12,842,151.029","12,996,852.785"
InterestIncome,"175,584,000",,,,,,,,,,,,,,,,,,,,,,,,"21,670,000","20,238,000","19,214,000","18,572,000","17,277,000","16,186,000","15,870,000","15,383,000","14,214,000","11,911,000","11,405,000","11,255,000","7,462,000","5,038,000","4,925,000","4,661,000","4,089,000","3,895,000","3,974,000","3,581,000","3,633,000",,,,,,,,,,,,,,,,,,,,
NetInterestIncome,"175,584,000","49,214,000","48,390,000","45,424,000","32,556,000","34,585,000","29,654,000","26,420,000","23,014,000","20,905,000","21,230,000","19,451,000","15,423,000","13,625,000","12,749,000","13,900,000","18,659,000","23,018,000","24,235,000","23,801,000","22,494,000","22,431,000","22,296,000","-25,180,000","21,670,000","20,238,000","19,214,000","18,572,000","17,277,000","16,186,000","15,870,000","15,383,000","14,214,000","11,911,000","11,405,000","11,255,000","7,462,000","5,038,000","4,925,000","4,661,000","4,089,000","3,895,000","3,974,000","3,581,000","3,633,000",,,,,,,,,,,,,,,,,,,,
EBIT,"1,205,785,000","395,297,000","256,746,000","270,216,000","283,526,000","425,478,000","270,545,000","218,142,000","236,035,000","317,262,000","200,932,000","188,121,000","164,445,000","209,735,000","146,822,000","128,191,000","127,091,000","186,972,000","134,865,000","122,442,000","123,427,000","153,606,000","127,797,000","122,439,000","119,771,000","133,316,000","114,352,000","125,466,000","115,513,000","119,358,000","116,979,000","118,444,000","130,764,000","112,061,000","112,204,000","108,820,000","108,111,000","77,727,000","68,904,000","64,456,000","61,077,000","41,744,000","40,065,000","26,766,000","11,739,000","-29,226,948.48","33,600,560.64","40,720,897.8","50,924,006.96","31,923,576.16","47,179,824","53,779,555.5","52,933,804.8","29,338,173.339","40,775,915.863","38,907,595.402","43,759,780.566","54,296,049.683","29,847,345.575","18,382,377.109","8,081,279.037","15,367,317.594","34,586,251.429","20,213,669.452","108,553,864.395"
EBITDA,"1,341,058,000"
ReconciledCostOfRevenue,"1,221,935,000","378,148,000","306,690,000","287,733,000","249,364,000","329,683,000","259,327,000","244,771,000","204,985,000","230,076,000","196,155,000","178,541,000","158,668,000","200,447,000","167,827,000","155,480,000","139,247,000","169,727,000","147,917,000","135,238,000","117,097,000","149,998,000","123,953,000","115,234,000","106,815,000","129,853,000","111,289,000","101,949,000","99,363,000","111,908,000","98,489,000","94,503,000","100,333,000","101,644,000","89,863,000","88,781,000","90,373,000","98,941,000","81,383,000","79,586,000","85,955,000","79,677,000","78,309,000","73,644,000","74,092,000","88,507,117.12","94,215,752.96","93,815,738.45","99,316,190.96","89,834,738.76","90,694,104","83,980,657.5","84,820,708.8","74,247,080.094","74,783,837.729","72,398,410.572","72,761,334.898","62,447,837.45","68,736,405.648","69,263,107.209","69,018,893.506","58,452,546.952","58,368,896.246","53,882,594.244",
ReconciledDepreciation,"135,273,000"
NetIncomeFromContinuingOperationNetMinorityInterest,"532,318,000","249,549,000","300,161,000","67,424,000","-84,816,000","856,336,000","785,423,000","-56,628,000","-332,812,000","305,357,000","-166,982,000","70,594,000","162,920,000","203,431,000","108,001,000","168,689,000","85,857,000","141,849,000","165,928,000","136,953,000","173,327,000","81,256,000","187,218,000","51,957,000","118,479,000","155,260,000","117,352,000","119,236,000","108,792,000","122,123,000","112,862,000","114,613,000","120,508,000","113,930,000","97,504,000","83,463,000","91,611,000","66,947,000","62,944,000","54,328,000","50,442,000","46,381,000","35,914,000","20,769,000","9,448,000","6,175,375.04","28,520,769.28","19,297,866.55","22,253,391.28","13,817,997.84","26,685,760","30,991,866","32,141,690.4","19,777,563.012","27,058,463.709","26,042,980.217","26,513,099.249","19,349,987.661","17,030,483.074","15,894,850.981","9,177,123.977","9,879,674.012","25,264,822.74","12,996,852.785","12,996,852.785"
TotalUnusualItemsExcludingGoodwill,"-72,806,000","-48,246,000","31,366,000","28,571,000","13,780,000","349,013,000","542,607,000","-80,775,000","36,287,000","7,675,000","-2,183,000","-1,822,000","-40,000","1,564,000","-18,000","-6,577,000","5,269,000","-21,060,000","-35,213,000","3,906,000","-3,490,000","4,525,000","-362,000","-19,537,000","539,000","-1,344,000","-1,387,000","-2,390,000","-1,401,000","-7,251,000","3,218,000","3,734,000","-148,000","13,809,000","-3,024,000","-13,910,000","-3,177,000","-1,936,000","1,218,000","1,411,000","172,000","1,442,000","7,350,000","507,000","255,000","18,011,369.28","1,341,831.68","-6,779,960.93","-10,106,251.76","-6,588,404.28","-3,110,840","-3,877,785","-2,787,208.8","-2,398,553.429","-2,285,715.539","-1,164,482.781","-1,678,900.924","4,040,748.616","-10,469,036.338","31,821.209","421,746.908","-5,463.579","1,479,181.233","246,283.241",
TotalUnusualItems,"-72,806,000","-48,246,000","31,366,000","28,571,000","13,780,000","349,013,000","542,607,000","-80,775,000","36,287,000","7,675,000","-2,183,000","-1,822,000","-40,000","1,564,000","-18,000","-6,577,000","5,269,000","-21,060,000","-35,213,000","3,906,000","-3,490,000","4,525,000","-362,000","-19,537,000","539,000","-1,344,000","-1,387,000","-2,390,000","-1,401,000","-7,251,000","3,218,000","3,734,000","-148,000","13,809,000","-3,024,000","-13,910,000","-3,177,000","-1,936,000","1,218,000","1,411,000","172,000","1,442,000","7,350,000","507,000","255,000","18,011,369.28","1,341,831.68","-6,779,960.93","-10,106,251.76","-6,588,404.28","-3,110,840","-3,877,785","-2,787,208.8","-2,398,553.429","-2,285,715.539","-1,164,482.781","-1,678,900.924","4,040,748.616","-10,469,036.338","31,821.209","421,746.908","-5,463.579","1,479,181.233","246,283.241",
NormalizedEBITDA,"1,413,864,000","443,543,000","225,380,000","241,645,000","269,746,000","76,465,000","-272,062,000","298,917,000","199,748,000","309,587,000","203,115,000","189,943,000","164,485,000","208,171,000","146,840,000","134,768,000","121,822,000","208,032,000","170,078,000","118,536,000","126,917,000","149,081,000","128,159,000","141,976,000","119,232,000","134,660,000","115,739,000","127,856,000","116,914,000","126,609,000","113,761,000","114,710,000","130,912,000","98,252,000","115,228,000","122,730,000","111,288,000","79,663,000","67,686,000","63,045,000","60,905,000","40,302,000","32,715,000","26,259,000","11,484,000","-47,238,317.76","32,258,728.96","47,500,858.73","61,030,258.72","38,511,980.44","50,290,664","57,657,340.5","55,721,013.6","31,736,726.768","43,061,631.402","40,072,078.183","45,438,681.489","50,255,301.067","40,316,381.913","18,350,555.9","7,659,532.129","15,372,781.173","33,107,070.196","19,967,386.211","108,553,864.395"
TaxRateForCalcs,"0.31","0.189","0.145","0.25","0.25","0.077","0.072","0.25","0.25","0.133","0.25","0.364","0.201","0.146","0.241","0.193","0.229","0.211","0.153","0.193","0.129","0.296","0.123","0.36","0.166","0.149","0.177","0.175","0.173","0.171","0.171","0.167","0.168","0.113","0.191","0.214","0.185","0.172","0.161","0.23","0.228","0.01","0.301","0.327","0.395","0.25","0.074","0.363","0.359","0.334","0.312","0.312","0.278","0.166","0.204","0.219","0.282","0.353","0.317","0.314","0.314","0.4","0.304","0.372","0.4"
TaxEffectOfUnusualItems,"-22,569,860","-9,101,975.88","4,561,138.456","7,142,750","3,445,000","26,903,698.772","39,264,067.947","-20,193,750","9,071,750","1,021,112.939","-545,750","-663,544.152","-8,050.17","227,651.167","-4,330.792","-1,272,058.178","1,209,164.673","-4,438,179.62","-5,402,866.505","753,858","-450,210","1,338,476.388","-44,526","-7,033,320","89,454.535","-199,615.053","-245,174.507","-418,229.743","-242,186.415","-1,236,383.978","548,800.885","622,907.888","-24,854.353","1,557,918.61","-578,819.455","-2,974,472.001","-587,511.522","-332,498.88","196,429.624","324,101.066","39,213.199","14,343.971","2,213,338.458","165,719.032","100,828.374","4,502,842.32","99,317.615","-2,459,021.374","-3,629,350.763","-2,200,555.634","-969,581.222","-1,211,480.739","-773,472.21","-398,946.611","-466,533.976","-255,216.973","-472,706.867","1,427,069.627","-3,320,417.017","9,999.335","132,429.934","-2,185.432","449,170.853","91,581.485","0"