name,ttm,12/31/2019,12/31/2018,12/31/2017,12/31/2016,12/31/2015,12/31/2014,12/31/2013,12/31/2012,12/31/2011,12/31/2010,12/31/2009,12/31/2008,12/31/2007,12/31/2006,12/31/2005,12/31/2004,12/31/2003,12/31/2002,12/31/2001,12/31/2000,12/31/1999
TotalRevenue,"25,247,560,000,000","25,247,560,000,000","24,016,601,000,000","19,832,524,000,000","9,902,313,000,000","9,960,397,000,000","9,580,823,000,000","9,944,700,000,000","10,937,072,000,000","8,843,120,000,000","9,428,600,000,000","8,604,215,000,000","9,330,677,000,000","10,123,473,804,233.3","8,529,459,745,230.6","8,652,805,039,442.38","9,057,574,000,000","10,703,930,000,000","9,813,391,455,738.18","5,318,549,290,297.2","5,615,225,017,567.5","1,096,544,000,000"
	NetInterestIncome,"9,196,787,000,000","9,196,787,000,000","8,904,928,000,000","7,710,009,000,000","6,402,529,000,000","6,203,199,000,000","6,415,775,000,000","6,522,832,000,000","7,115,913,000,000","7,104,512,000,000","6,065,455,000,000","5,358,691,000,000","6,468,789,000,000","6,108,346,454,897.26","5,782,759,673,735.55","5,838,923,755,375.39","6,353,099,000,000","7,648,341,250,000","6,715,516,011,951.6","3,615,483,583,102.35","1,848,098,604,735","1,425,148,000,000"
		InterestIncome,"14,639,187,000,000","14,639,187,000,000","13,734,569,000,000","11,382,452,000,000","10,021,882,000,000","10,375,823,000,000","11,635,296,000,000","12,356,930,000,000","14,155,825,000,000","13,956,257,000,000","13,035,999,000,000","13,590,120,000,000","15,828,442,000,000","12,799,579,615,150.09","10,878,549,598,825.59","10,545,066,457,099.52","11,681,856,000,000","14,424,190,000,000","13,449,480,422,473.44","8,977,826,566,016.7","6,812,929,186,507.5","4,242,468,000,000"
			InterestIncomeFromLoansAndLease,"12,295,202,000,000","12,295,202,000,000","11,459,798,000,000","9,990,792,000,000","8,905,769,000,000","9,102,433,000,000","10,168,304,000,000","10,942,021,000,000","12,567,467,000,000","12,412,206,000,000","11,212,063,000,000","11,840,037,000,000","13,864,324,000,000","11,301,735,042,686.27","9,482,156,451,287.85","9,364,288,001,613.07","10,458,874,000,000","12,648,038,750,000","11,824,131,668,577.66","7,192,996,075,441.5","4,643,437,409,377.5",
				InterestIncomeFromLoans,,,,"9,990,792,000,000","8,905,769,000,000","9,102,433,000,000","10,168,304,000,000","10,942,021,000,000","12,567,467,000,000","12,412,206,000,000","11,212,063,000,000","12,858,434,000,000",,"11,301,735,042,686.27","9,482,156,451,287.85","9,364,288,001,613.07","10,458,874,000,000","12,648,038,750,000","11,824,131,668,577.66","7,192,996,075,441.5","4,643,437,409,377.5",
			InterestIncomeFromSecurities,"2,042,760,000,000","2,042,760,000,000","2,036,094,000,000","1,159,311,000,000","889,962,000,000","988,905,000,000","1,120,116,000,000","1,268,804,000,000","1,428,328,000,000","1,544,051,000,000","1,704,793,000,000","1,489,235,000,000","1,487,980,000,000","1,419,018,729,600.08","1,312,177,765,907.58","1,077,388,828,190.07","1,202,369,000,000","1,761,680,000,000","1,564,345,195,197.66","1,546,067,020,870.65","1,754,032,865,400","53,333,000,000"
			InterestIncomeFromDeposits,"150,635,000,000","150,635,000,000","109,155,000,000",,,,,,,,"33,058,000,000","24,240,000,000","106,265,000,000","18,659,176,069.52","26,802,980,491.65","26,454,481,871.77","20,613,000,000","14,471,250,000","61,003,558,698.12","65,554,533,669.15","329,828,064,915",
			InterestIncomeFromFederalFundsSoldAndSecuritiesPurchaseUnderAgreementsToResell,,,,,,,,,,,"86,085,000,000","45,683,000,000","87,903,000,000","60,166,666,794.22","57,412,401,138.51","76,935,145,424.61",,,,,,
			OtherInterestIncome,"150,590,000,000","150,590,000,000","129,522,000,000","232,349,000,000","226,151,000,000","284,485,000,000","346,876,000,000","146,105,000,000","160,030,000,000",,"61,779,000,000","190,925,000,000","281,970,000,000",,,,,,,"173,208,936,035.4","85,630,846,815","4,189,135,000,000"
		InterestExpense,"5,442,400,000,000","5,442,400,000,000","4,829,641,000,000","3,672,443,000,000","3,619,353,000,000","4,172,624,000,000","5,219,521,000,000","5,834,098,000,000","7,039,912,000,000","6,851,745,000,000","6,970,544,000,000","8,231,429,000,000","9,359,653,000,000","6,691,233,160,252.83","5,095,789,925,090.04","4,706,142,701,724.13","5,328,757,000,000","6,775,848,750,000","6,733,964,410,521.84","5,362,342,982,914.35","4,964,830,581,772.5","2,817,320,000,000"
			InterestExpenseForDeposit,"3,481,121,000,000","3,481,121,000,000","3,041,739,000,000","2,345,885,000,000","2,476,579,000,000","3,035,425,000,000","3,845,468,000,000","4,279,153,000,000","5,318,726,000,000","4,944,615,000,000","4,733,900,000,000","5,517,569,000,000","6,434,713,000,000","4,134,153,566,816.84","3,251,178,026,141.43","3,147,424,803,717.72","3,703,999,000,000","4,337,277,500,000","4,542,481,611,741.44","3,539,176,092,770.85","3,232,547,400,262.5",
			InterestExpenseForShortTermDebt,,,,,,,,,,,,,,"478,717,229,479.3","337,903,840,009.89","285,695,013,588.55","674,517,000,000","1,126,723,750,000","846,530,248,822.5","855,291,723,514.65","642,386,850,480",
			InterestExpenseForLongTermDebtAndCapitalSecurities,"1,836,991,000,000","1,836,991,000,000","1,693,291,000,000","1,248,296,000,000","1,082,905,000,000","1,061,822,000,000","1,297,884,000,000","1,554,945,000,000","1,721,186,000,000","1,907,130,000,000","2,236,644,000,000","2,713,860,000,000","2,924,940,000,000","1,976,978,468,610.67","1,393,229,836,982.28","1,233,387,629,082.99","910,098,000,000","1,243,310,000,000","1,273,781,731,476.76","926,894,877,435.15","1,050,716,811,532.5",
			OtherInterestExpense,"124,288,000,000","124,288,000,000","94,611,000,000","78,262,000,000","59,869,000,000","75,377,000,000","76,169,000,000",,"69,058,000,000",,"39,047,000,000","64,256,000,000",,"101,383,895,346.02","113,478,221,956.44","39,635,255,334.87","40,143,000,000","68,537,500,000","71,170,818,481.14","40,980,289,193.7","39,179,519,497.5",
	NonInterestIncome,"16,050,773,000,000","16,050,773,000,000","15,111,673,000,000","12,122,515,000,000","3,499,784,000,000","3,757,198,000,000","3,165,048,000,000","3,421,868,000,000","3,821,159,000,000","1,738,608,000,000","3,363,145,000,000","3,245,524,000,000","2,861,888,000,000","4,015,127,349,336.04","2,746,700,071,495.05","2,813,881,284,066.99","2,704,475,000,000","3,055,588,750,000","3,097,875,443,786.58","1,703,065,707,194.85","3,767,126,412,832.5","-328,604,000,000"
		TotalPremiumsEarned,"12,317,182,000,000","12,317,182,000,000","11,975,070,000,000","8,970,992,000,000","1,201,352,000,000","1,373,373,000,000","1,215,031,000,000","1,233,773,000,000","1,730,466,000,000",,,,,,,,,,,,,
		FeesAndCommissions,"2,127,373,000,000","2,127,373,000,000","2,033,295,000,000","1,870,713,000,000","1,455,860,000,000","1,419,064,000,000","1,276,326,000,000","1,375,029,000,000","1,486,369,000,000","1,794,750,000,000","2,618,330,000,000","2,538,872,000,000","2,546,150,000,000","2,584,708,806,977.71","2,184,577,301,978.94","2,000,187,869,178.12","1,856,719,000,000","2,297,515,000,000","2,334,220,639,775.76","1,422,785,811,633","1,524,600,501,877.5",
			FeesandCommissionIncome,"3,879,247,000,000","3,879,247,000,000","3,717,720,000,000","3,988,250,000,000","3,150,877,000,000","2,971,095,000,000","2,666,185,000,000","2,657,365,000,000","2,778,668,000,000","2,829,754,000,000","2,618,330,000,000","2,538,872,000,000","2,546,150,000,000","2,584,708,806,977.71","2,184,577,301,978.94","2,000,187,869,178.12","1,856,719,000,000","2,297,515,000,000","2,334,220,639,775.76","1,422,785,811,633","1,524,600,501,877.5",
				ServiceChargeOnDepositorAccounts,"1,099,285,000,000","1,099,285,000,000","1,154,695,000,000","1,094,839,000,000","783,519,000,000","619,755,000,000","573,501,000,000","672,548,000,000","750,991,000,000",,,,,,,,,,,,,
				TrustFeesbyCommissions,"542,150,000,000","542,150,000,000","496,424,000,000","486,792,000,000","338,960,000,000","375,588,000,000","320,103,000,000","254,015,000,000","253,223,000,000",,"212,819,000,000","188,980,000,000","165,459,000,000","159,264,981,611.05","148,472,455,860.63","144,268,012,440.81","147,589,000,000","303,328,750,000","375,785,290,500.94","217,445,467,024.2","1,524,600,501,877.5",
				SecuritiesActivities,,,,,,"88,111,000,000","68,249,000,000","68,158,000,000","67,858,000,000",,,,,,,,,,,,,
				CreditCard,"1,316,636,000,000","1,316,636,000,000","1,360,515,000,000","1,447,560,000,000","1,258,704,000,000","1,223,221,000,000","1,106,601,000,000","1,126,944,000,000","1,179,618,000,000",,,,,,,,,,,,,
				OtherCustomerServices,"921,176,000,000","921,176,000,000","706,086,000,000","959,059,000,000","769,694,000,000","664,420,000,000","597,731,000,000","535,700,000,000","526,978,000,000",,"2,405,511,000,000","2,349,892,000,000","2,380,691,000,000","2,425,443,825,366.66","2,036,104,846,118.31","1,855,919,856,737.31","1,709,130,000,000","1,994,186,250,000","1,958,435,349,274.82","1,205,340,344,608.8",,
			FeesandCommissionExpense,"1,751,874,000,000","1,751,874,000,000","1,684,425,000,000","2,117,537,000,000","1,695,017,000,000","1,552,031,000,000","1,389,859,000,000","1,282,336,000,000","1,292,299,000,000","1,035,004,000,000",,,,,,,,,,,,
		DividendIncome,"54,768,000,000","54,768,000,000","83,930,000,000","276,829,000,000","134,989,000,000","96,829,000,000","78,298,000,000","64,441,000,000","91,882,000,000",,"91,866,000,000","81,017,000,000",,,,,,,,,,
		TradingGainLoss,,,,,,,,,,,"397,921,000,000","164,612,000,000","104,141,000,000",,,,,,,,,
		ForeignExchangeTradingGains,"213,409,000,000","213,409,000,000","60,324,000,000","47,511,000,000","264,355,000,000","58,040,000,000","33,879,000,000","-279,885,000,000","-316,770,000,000",,"1,936,634,000,000","1,148,189,000,000",,,,,,,,,,
		GainLossonSaleofAssets,"931,077,000,000","931,077,000,000","643,024,000,000","630,725,000,000","148,554,000,000","526,638,000,000","329,734,000,000","758,009,000,000","503,421,000,000","1,035,867,000,000","-27,291,000,000","0","0","1,017,889,515,266.54","81,143,439,831.63","96,826,221,678.06","95,681,000,000","406,012,500,000","130,344,009,445.6","157,057,819,044.45","1,741,219,970,362.5",
			GainOnSaleOfSecurity,"867,039,000,000","867,039,000,000","486,437,000,000","630,725,000,000","148,554,000,000","526,638,000,000","329,734,000,000","758,009,000,000","503,421,000,000","1,035,867,000,000","-27,291,000,000","0","0",,,,,,,,,
			GainonSaleofLoans,"61,307,000,000","61,307,000,000","37,871,000,000",,,,,,,,"37,028,000,000","97,130,000,000",,,,,,,,,,
			GainonSaleofInvestmentProperty,"2,731,000,000","2,731,000,000","118,716,000,000",,,,,,,,"1,759,000,000","431,104,000,000",,"1,017,889,515,266.54","81,143,439,831.63","96,826,221,678.06","95,681,000,000","406,012,500,000","130,344,009,445.6","157,057,819,044.45","1,741,219,970,362.5",
		OtherNonInterestIncome,"406,964,000,000","406,964,000,000","316,030,000,000","325,745,000,000","294,674,000,000","283,254,000,000","231,780,000,000","270,501,000,000","325,791,000,000","-1,092,009,000,000","374,185,000,000","542,040,000,000","211,597,000,000","412,529,027,091.79","480,979,329,684.48","716,867,193,210.81","752,075,000,000","352,061,250,000","633,310,794,565.22","123,222,076,517.4","501,305,940,592.5","-328,604,000,000"
CreditLossesProvision,"-670,185,000,000","-670,185,000,000","-673,694,000,000","-548,244,000,000","-539,283,000,000","-1,037,231,000,000","-1,227,976,000,000","-1,443,572,000,000","-1,607,804,000,000","-1,512,978,000,000","-3,568,040,000,000","-2,203,993,000,000","-2,313,454,000,000","-18,384,831,499.65","95,313,580,833.57","-606,610,372,947.15","-3,730,494,000,000","-7,516,416,250,000","-3,885,332,145,772.7","-1,255,382,394,665.7","-919,915,294,792.5","-306,151,000,000"
NonInterestExpense,"20,001,657,000,000","20,001,657,000,000","18,904,727,000,000","15,269,006,000,000","7,670,235,000,000","7,077,666,000,000","6,383,689,000,000","6,465,521,000,000","6,913,521,000,000","3,931,808,000,000","6,148,976,000,000","5,742,091,000,000","5,320,829,000,000","5,136,476,602,649.63","4,313,489,741,180.07","4,268,025,383,696.37","3,895,233,000,000","4,620,220,000,000","4,387,383,153,905.68","2,406,881,740,456.65","3,526,615,667,542.5","1,109,195,000,000"
	OccupancyAndEquipment,"35,484,000,000","35,484,000,000","34,927,000,000","32,111,000,000","25,346,000,000","26,068,000,000","28,471,000,000","26,431,000,000","25,777,000,000",,,,,,,,,,,"411,533,509,549.65","22,171,934,205",
		Equipment,"35,484,000,000","35,484,000,000","34,927,000,000","32,111,000,000","25,346,000,000","26,068,000,000","28,471,000,000","26,431,000,000","25,777,000,000",,,,,,,,,,,,,
	SellingGeneralAndAdministration,"17,002,471,000,000","17,002,471,000,000","16,535,004,000,000","13,228,181,000,000","5,969,976,000,000","5,461,006,000,000","4,815,705,000,000","4,783,723,000,000","5,174,821,000,000","3,589,315,000,000","5,155,978,000,000","4,362,346,000,000","4,410,476,000,000","2,281,117,046,034.47","1,959,038,404,411.44","2,169,721,195,907.6","1,644,377,000,000","1,737,585,000,000","1,586,259,785,937.54","1,058,520,370,530.3","484,278,127,740",
		GeneralAndAdministrativeExpense,"16,773,645,000,000","16,773,645,000,000","16,317,760,000,000","13,028,505,000,000","5,827,790,000,000","5,461,006,000,000","4,815,705,000,000","4,783,723,000,000","5,174,821,000,000","3,589,315,000,000","5,155,978,000,000","3,491,923,000,000","3,584,041,000,000","2,281,117,046,034.47","1,959,038,404,411.44","2,169,721,195,907.6","1,644,377,000,000","1,737,585,000,000","1,586,259,785,937.54","1,058,520,370,530.3","444,465,232,770",
			SalariesAndWages,"3,955,287,000,000","3,955,287,000,000","3,874,382,000,000","3,768,586,000,000","3,755,620,000,000","3,126,267,000,000","2,593,496,000,000","2,533,638,000,000","2,473,975,000,000","1,870,864,000,000","2,781,645,000,000","2,217,554,000,000","2,334,983,000,000","2,281,117,046,034.47","1,959,038,404,411.44","2,169,721,195,907.6","1,644,377,000,000","1,737,585,000,000","1,586,259,785,937.54","1,058,520,370,530.3","444,465,232,770",
			RentAndLandingFees,"109,745,000,000","109,745,000,000","361,344,000,000","320,920,000,000","280,888,000,000","273,531,000,000","297,656,000,000","290,886,000,000","276,813,000,000",,,,,,,,,,,,,
			InsuranceAndClaims,"12,017,670,000,000","12,017,670,000,000","11,484,954,000,000","8,377,282,000,000","1,319,155,000,000","1,478,987,000,000","1,352,384,000,000","1,358,830,000,000","1,822,178,000,000",,"1,093,482,000,000","804,195,000,000",,,,,,,,,,
			OtherGandA,"690,943,000,000","690,943,000,000","597,080,000,000","561,717,000,000","472,127,000,000","582,221,000,000","572,169,000,000","600,369,000,000","601,855,000,000","1,718,451,000,000","2,374,333,000,000","1,274,369,000,000","1,249,058,000,000",,,,,,,,,
		SellingAndMarketingExpense,"228,826,000,000","228,826,000,000","217,244,000,000","199,676,000,000","142,186,000,000",,,,,,"948,737,000,000","870,423,000,000","826,435,000,000",,,,,,,,"39,812,894,970",
	DepreciationAmortizationDepletionIncomeStatement,"784,431,000,000","784,431,000,000","408,771,000,000","370,378,000,000","288,620,000,000","257,306,000,000","261,056,000,000","286,756,000,000","328,365,000,000","342,493,000,000","359,568,000,000","431,007,000,000","407,187,000,000",,,,,,,,,
		DepreciationAndAmortizationInIncomeStatement,"784,431,000,000","784,431,000,000","408,771,000,000","370,378,000,000","288,620,000,000","257,306,000,000","261,056,000,000","286,756,000,000","328,365,000,000","342,493,000,000","359,568,000,000","431,007,000,000","407,187,000,000",,,,,,,,,
	OtherNonInterestExpense,"2,179,271,000,000","2,179,271,000,000","1,926,025,000,000","1,638,336,000,000","1,386,293,000,000","1,333,286,000,000","1,278,457,000,000","1,368,611,000,000","1,384,558,000,000",,"633,430,000,000","948,738,000,000","503,166,000,000","2,855,359,556,615.16","2,354,451,336,768.63","2,098,304,187,788.77","2,250,856,000,000","2,882,635,000,000","2,801,123,367,968.14","936,827,860,376.7","3,020,165,605,597.5",
IncomefromAssociatesandOtherParticipatingInterests,"16,451,000,000","16,451,000,000","24,260,000,000","84,274,000,000","280,838,000,000","203,097,000,000","13,428,000,000","-199,392,000,000","-13,536,000,000",,"13,531,000,000","267,922,000,000","90,391,000,000",,,,,,,,,
SpecialIncomeCharges,"-78,453,000,000","-78,453,000,000","-106,528,000,000",,"587,488,000,000","-48,730,000,000","-55,378,000,000","-60,778,000,000","-75,979,000,000",,"-120,263,000,000","202,526,000,000",,,,,,,,,"-30,098,609,280",
	ImpairmentOfCapitalAssets,"0","0","0",,"628,614,000,000",,,,,,"120,263,000,000","156,557,000,000",,,,,,,,,,
	WriteOff,"0","0","0",,,,,,,,,,,,,,,,,,,
	OtherSpecialCharges,"78,453,000,000","78,453,000,000","106,528,000,000",,"41,126,000,000","48,730,000,000","55,378,000,000","60,778,000,000","75,979,000,000",,,"-45,969,000,000",,,,,,,,,,
OtherNonOperatingIncomeExpenses,"20,270,000,000","20,270,000,000","-54,380,000,000","38,876,000,000","67,534,000,000","164,828,000,000","-25,783,000,000","39,854,000,000","-64,904,000,000","-137,528,000,000","-274,000,000","-154,000,000",,,,,,,,,,
PretaxIncome,"4,533,986,000,000","4,533,986,000,000","4,301,532,000,000","4,138,424,000,000","2,628,655,000,000","2,164,695,000,000","1,901,425,000,000","1,815,291,000,000","2,261,328,000,000","3,260,806,000,000","-288,416,000,000","926,053,000,000","1,786,785,000,000","4,964,348,325,131.16","4,306,756,839,577.17","3,775,492,156,786.15","1,429,405,000,000","-1,378,032,500,000","1,751,837,484,576.38","1,572,024,970,999.95","1,044,420,983,482.5","808,161,000,000"
TaxProvision,"1,220,787,000,000","1,220,787,000,000","1,239,586,000,000","794,963,000,000","438,475,000,000","437,389,000,000","486,314,000,000","551,586,000,000","549,340,000,000","832,234,000,000","304,108,000,000","207,484,000,000","453,847,000,000","1,207,116,107,428","1,357,228,772,601.24","1,088,069,351,827.19","432,639,000,000","-384,916,250,000","597,277,579,868.1","624,946,125,052.8","449,878,633,515","267,504,000,000"
EarningsFromEquityInterestNetOfTax,,,,,,,,,,,"0","250,000,000",,,,,,,,,,
NetIncomeCommonStockholders,"3,311,828,000,000","3,311,828,000,000","3,061,191,000,000","3,343,461,000,000","2,143,744,000,000","1,698,318,000,000","1,400,722,000,000","1,260,509,000,000","1,702,913,000,000","2,373,026,000,000","-588,115,000,000","720,641,000,000","1,325,964,000,000","3,757,232,217,703.16","2,947,918,912,363.59","2,687,422,804,958.96","996,766,000,000","-993,116,250,000","1,251,677,342,397.68","992,299,608,213","594,542,349,967.5","540,665,000,000"
	NetIncome,"3,311,828,000,000","3,311,828,000,000","3,061,191,000,000","3,343,461,000,000","2,143,744,000,000","1,698,318,000,000","1,400,722,000,000","1,260,509,000,000","1,702,913,000,000","2,373,026,000,000","-588,115,000,000","720,641,000,000","1,325,964,000,000","3,757,232,217,703.16","2,947,918,912,363.59","2,687,422,804,958.96","996,766,000,000","-993,116,250,000","1,251,677,342,397.68","992,299,608,213","594,542,349,967.5","540,665,000,000"
		NetIncomeIncludingNoncontrollingInterests,"3,313,199,000,000","3,313,199,000,000","3,061,946,000,000","3,343,461,000,000","2,190,180,000,000","1,727,306,000,000","1,415,111,000,000","1,263,705,000,000","1,711,988,000,000","2,428,572,000,000","-592,524,000,000","718,569,000,000","1,332,938,000,000","3,761,496,262,656.02","2,952,445,657,670.52","2,690,099,930,971.67","999,208,000,000","-1,047,790,000,000","1,040,516,013,881.1","1,076,559,792,387.9","688,716,812,437.5","540,673,000,000"
			NetIncomeContinuousOperations,"3,313,199,000,000","3,313,199,000,000","3,061,946,000,000","3,343,461,000,000","2,190,180,000,000","1,727,306,000,000","1,415,111,000,000","1,263,705,000,000","1,711,988,000,000","2,428,572,000,000","-592,524,000,000","718,569,000,000","1,332,938,000,000","3,757,232,217,703.16","2,949,528,066,975.93","2,687,422,804,958.96","996,766,000,000","-993,116,250,000","1,154,559,904,708.28","947,078,845,947.15","594,542,349,967.5","540,673,000,000"
			NetIncomeDiscontinuousOperations,,,,,,,,,,,,,,,,,,,"97,117,437,689.4",,,
			NetIncomeExtraordinary,,,,,,,,,,,,,"0",,"-1,609,154,612.34",,,,,"-13,342,969,809.3",,
			NetIncomeFromTaxLossCarryforward,,,,,,,,,,,,,,,,,,,,"58,563,732,075.15",,
		MinorityInterests,"-1,371,000,000","-1,371,000,000","-755,000,000","-32,023,000,000","-46,436,000,000","-28,988,000,000","-14,389,000,000","-3,196,000,000","-9,075,000,000","-55,546,000,000","4,409,000,000","2,072,000,000","-6,974,000,000","-4,264,044,952.86","-4,526,745,306.93","-2,677,126,012.71","-2,442,000,000","54,673,750,000","211,161,328,516.58","-84,260,184,174.9","-94,174,462,470","-8,000,000"
DilutedNIAvailtoComStockholders,"3,311,828,000,000","3,311,828,000,000","3,061,191,000,000","3,343,461,000,000","2,143,744,000,000","1,698,318,000,000","1,400,722,000,000","1,260,509,000,000","1,702,913,000,000","2,373,026,000,000","-588,115,000,000","720,641,000,000","1,325,964,000,000","3,757,232,217,703.16","2,947,918,912,363.59","2,687,422,804,958.96","996,766,000,000","-993,116,250,000","1,251,677,342,397.68","992,299,608,213","594,542,349,967.5","540,665,000,000"
BasicEPS,,,"7,721","8,305","5,588","4,396","3,626","3,263","4,408","6,917.858","257","1,659","4,121","11,167.334","8,764.876","8,318.85","3,252.512","-3,047.629","3,939.631","4,702.008","3,977.026","4,484.132"
DilutedEPS,,,"7,676","8,257","5,559","4,376","3,611","3,249","4,394","6,917.858","257","1,659","4,121","11,167.334","8,763.923","8,314.896","3,250.58","-3,047.629","3,831.613","4,257.817","3,365.262","2,939.887"
BasicAverageShares,,,"396,499,958","398,724,962","383,634,261","386,351,693","386,351,693","386,303,708","386,351,693","343,028,989","343,028,989","325,406,414","321,727,000","336,346,000","336,351,000","322,786,000","306,432,000","326,000,000","317,714,354","240,710,372","149,494,218","120,572,943"
DilutedAverageShares,,,"398,807,588","401,044,495","385,647,305","388,093,251","387,990,999","387,968,298","387,545,299","343,028,989","343,028,989","325,406,414","321,727,000","336,346,000","336,353,000","322,948,000","306,650,000","326,000,000","326,671,104","240,710,372","176,670,423","183,906,741"
RentExpenseSupplemental,"109,745,000,000","109,745,000,000","361,344,000,000","320,920,000,000","280,888,000,000","273,531,000,000","297,656,000,000","290,886,000,000","276,813,000,000",,,,,,,,,,,,,
InterestIncomeAfterProvisionForLoanLoss,"8,526,602,000,000","8,526,602,000,000","8,231,234,000,000","7,161,765,000,000","5,863,246,000,000","5,165,968,000,000","5,187,799,000,000","5,079,260,000,000","5,508,109,000,000","5,591,534,000,000","2,497,415,000,000","3,154,698,000,000","4,155,335,000,000","6,089,961,623,397.61","5,878,073,254,569.12","5,232,313,382,428.24","2,622,605,000,000","131,925,000,000","2,830,183,866,178.9","2,360,101,188,436.65","928,183,309,942.5","1,118,997,000,000"
NetIncomeFromContinuingAndDiscontinuedOperation,"3,311,828,000,000","3,311,828,000,000","3,061,191,000,000","3,343,461,000,000","2,143,744,000,000","1,698,318,000,000","1,400,722,000,000","1,260,509,000,000","1,702,913,000,000","2,373,026,000,000","-588,115,000,000","720,641,000,000","1,325,964,000,000","3,757,232,217,703.16","2,949,528,066,975.93","2,687,422,804,958.96","996,766,000,000","-993,116,250,000","1,251,677,342,397.68","947,078,845,947.15","594,542,349,967.5","540,665,000,000"
NormalizedIncome,"3,367,158,065,400","3,367,158,065,400","3,052,515,581,600","3,343,461,000,000","1,654,248,998,400","1,737,199,667,000","1,441,934,307,600","1,302,810,488,000","1,760,429,103,000","2,373,026,000,000","-588,115,000,000","720,641,000,000","1,325,964,000,000","2,986,849,675,958.236","2,893,956,122,204.174","2,618,501,195,417.826","930,044,834,447.9","-1,285,720,097,480.466","1,068,655,836,294.538","852,458,123,788.406","-432,130,466,682","540,665,000,000"
TotalMoneyMarketInvestments,"150,635,000,000","150,635,000,000","109,155,000,000",,,,,,,,"119,143,000,000","69,923,000,000","194,168,000,000","78,825,842,863.74","84,215,381,630.16","103,389,627,296.38","20,613,000,000","14,471,250,000","61,003,558,698.12","65,554,533,669.15","329,828,064,915",
ReconciledDepreciation,"976,890,000,000","976,890,000,000","623,634,000,000","550,343,000,000","289,438,000,000","257,457,000,000","261,197,000,000","286,858,000,000","328,642,000,000","342,656,000,000","359,568,000,000","431,007,000,000","407,187,000,000","419,118,914,746.21","308,843,252,854.29","348,877,785,669.78","425,683,000,000","551,482,500,000","442,760,379,446.14","179,040,736,312.5","162,407,079,240","76,795,000,000"
NetIncomeFromContinuingOperationNetMinorityInterest,"3,311,828,000,000","3,311,828,000,000","3,061,191,000,000","3,343,461,000,000","2,143,744,000,000","1,698,318,000,000","1,400,722,000,000","1,260,509,000,000","1,702,913,000,000","2,373,026,000,000","-588,115,000,000","720,641,000,000","1,325,964,000,000","3,757,232,217,703.16","2,949,528,066,975.93","2,687,422,804,958.96","996,766,000,000","-993,116,250,000","1,154,559,904,708.28","947,078,845,947.15","594,542,349,967.5","540,665,000,000"
TotalUnusualItemsExcludingGoodwill,"-75,722,000,000","-75,722,000,000","12,188,000,000",,"587,488,000,000","-48,730,000,000","-55,378,000,000","-60,778,000,000","-75,979,000,000",,"-118,504,000,000","633,630,000,000",,"1,017,889,515,266.54","81,143,439,831.63","96,826,221,678.06","95,681,000,000","406,012,500,000","130,344,009,445.6","157,057,819,044.45","1,711,121,361,082.5",
TotalUnusualItems,"-75,722,000,000","-75,722,000,000","12,188,000,000",,"587,488,000,000","-48,730,000,000","-55,378,000,000","-60,778,000,000","-75,979,000,000",,"-118,504,000,000","633,630,000,000",,"1,017,889,515,266.54","81,143,439,831.63","96,826,221,678.06","95,681,000,000","406,012,500,000","130,344,009,445.6","157,057,819,044.45","1,711,121,361,082.5",
TaxRateForCalcs,"0.269","0.269","0.288","0.192","0.167","0.202","0.256","0.304","0.243","0.255","0.22","0.224","0.254","0.243","0.315","0.288","0.303","0.279","0.341","0.398","0.4","0.331"
TaxEffectOfUnusualItems,"-20,391,934,600","-20,391,934,600","3,512,581,600","0","97,992,998,400","-9,848,333,000","-14,165,692,400","-18,476,512,000","-18,462,897,000","0","0","0","0","247,506,973,521.617","25,571,495,059.874","27,904,612,136.926","28,959,834,447.9","113,408,652,519.534","44,439,941,031.858","62,437,096,885.706","684,448,544,433","0"