name,ttm,11/30/2019,11/30/2018,11/30/2017,11/30/2016,11/30/2015,11/30/2014,11/30/2013,11/30/2012,11/30/2011,11/30/2010,11/30/2009,11/30/2008,11/30/2007,11/30/2006,11/30/2005,11/30/2004,11/30/2003,11/30/2002,11/30/2001,11/30/2000,11/30/1999,11/30/1998,11/30/1997,11/30/1996,11/30/1995,11/30/1994,11/30/1993,11/30/1992,11/30/1991,11/30/1990,11/30/1989,11/30/1988,11/30/1987,11/30/1986,11/30/1985
TotalRevenue,"4,817,199,000","4,552,747,000","4,547,002,000","4,368,529,000","3,594,646,000","3,032,030,000","2,400,949,000","2,097,130,000","1,548,432,000","1,305,562,000","1,589,996,000","1,824,850,000","3,033,936,000","6,416,526,000","11,003,792,000","9,441,650,000","7,052,684,000","5,850,554,000","4,938,894,000","4,501,715,000","3,870,488,000","3,817,100,000","2,403,000,000","1,843,600,000","1,754,100,000","1,366,900,000","1,307,600,000","1,237,900,000","1,094,200,000","1,221,000,000","1,366,300,000","1,265,200,000","903,400,000","671,900,000","501,100,000","356,900,000"
	OperatingRevenue,"4,817,199,000","4,552,747,000","4,547,002,000","4,368,529,000","3,594,646,000","3,032,030,000","2,400,949,000","2,097,130,000","1,548,432,000","1,305,562,000","1,589,996,000","1,824,850,000","3,033,936,000","6,416,526,000","11,003,792,000","9,441,650,000","7,008,267,000","5,775,429,000","4,938,894,000","4,501,715,000","3,870,488,000","3,817,100,000","2,403,000,000","1,843,600,000","1,754,100,000","1,366,900,000","1,307,600,000","1,237,900,000","1,094,200,000","1,221,000,000","1,366,300,000","1,265,200,000","903,400,000","671,900,000","501,100,000","356,900,000"
CostOfRevenue,"3,924,126,000","3,708,928,000","3,743,920,000","3,646,468,000","3,041,101,000","2,539,368,000","1,985,651,000","1,737,086,000","1,320,520,000","1,133,497,000","1,308,288,000","1,749,911,000","3,319,304,000","6,831,175,000","8,853,503,000","6,888,139,000","5,325,856,000","4,479,019,000","3,890,243,000","3,612,936,000","3,081,559,000","3,011,900,000","1,931,600,000","1,498,600,000","1,422,800,000","1,111,400,000","1,042,600,000","958,300,000","847,500,000","959,400,000","1,036,500,000","916,700,000",,,,
GrossProfit,"893,073,000","843,819,000","803,082,000","722,061,000","553,545,000","492,662,000","415,298,000","360,044,000","227,912,000","172,065,000","281,708,000","74,939,000","-285,368,000","-414,649,000","2,150,289,000","2,553,511,000","1,726,828,000","1,371,535,000","1,048,651,000","888,779,000","788,929,000","805,200,000","471,400,000","345,000,000","331,300,000","255,500,000","265,000,000","279,600,000","246,700,000","261,600,000","329,800,000","348,500,000",,,,
OperatingExpense,"521,161,000","501,683,000","447,998,000","429,824,000","393,258,000","346,709,000","291,469,000","258,850,000","251,159,000","247,886,000","292,639,000","306,275,000","575,275,000","909,850,000","1,394,572,000","1,196,515,000","952,129,000","808,636,000","595,734,000","536,463,000","517,484,000","512,700,000","332,600,000","248,700,000","239,400,000","195,400,000","182,100,000","160,300,000","150,500,000","144,400,000","174,400,000","144,400,000","806,800,000","601,300,000","442,600,000","300,400,000"
	SellingGeneralAndAdministration,"521,161,000","501,683,000","447,998,000","429,824,000","393,258,000","346,709,000","291,469,000","258,850,000","251,159,000","247,886,000","292,639,000","306,275,000","501,027,000","824,621,000","1,380,255,000","1,185,547,000","938,930,000","766,414,000","618,683,000","556,725,000","475,174,000","472,900,000","314,500,000","234,500,000","227,100,000","187,400,000","176,400,000","148,000,000","131,900,000","127,800,000","158,300,000","135,500,000",,,,
		GeneralAndAdministrativeExpense,"521,161,000","501,683,000","447,998,000","429,824,000","393,258,000","346,709,000","291,469,000","258,850,000",,,,,,,,,,,,,,,,,,,,,,,,,,,,
			OtherGandA,"521,161,000","501,683,000","447,998,000","429,824,000","393,258,000","346,709,000","291,469,000","258,850,000",,,,,,,,,,,,,,,,,,,,,,,,,,,,
	DepreciationAmortizationDepletionIncomeStatement,,,,,,,,,,,,,,,,,,,,,"42,310,000","39,800,000","18,100,000","14,200,000","12,300,000","8,000,000","5,700,000","12,300,000","18,600,000","16,600,000","16,100,000","8,900,000",,,,
		DepreciationAndAmortizationInIncomeStatement,,,,,,,,,,,,,,,,,,,,,"42,310,000","39,800,000","18,100,000","14,200,000","12,300,000","8,000,000","5,700,000","12,300,000","18,600,000","16,600,000","16,100,000","8,900,000",,,,
	OtherOperatingExpenses,,,,,,,,,,"30,765,000",,,"74,248,000","85,229,000","14,317,000","10,968,000","13,199,000","42,222,000","-22,949,000","-20,262,000",,,,,,,,,,,,,,,,
OperatingIncome,"371,912,000","342,136,000","355,084,000","292,237,000","160,287,000","145,953,000","123,829,000","101,194,000","-23,247,000","-75,821,000","-10,931,000","-231,336,000","-860,643,000","-1,324,499,000","755,717,000","1,356,996,000","774,699,000","562,899,000","452,917,000","352,316,000","271,445,000","292,500,000","138,800,000","96,300,000","91,900,000","60,100,000","82,900,000","119,300,000","96,200,000","117,200,000","155,400,000","204,100,000","96,600,000","70,600,000","58,500,000","56,500,000"
NetNonOperatingInterestIncomeExpense,"1,988,000","2,158,000","3,514,000","-5,067,000","-5,371,000","-21,398,000","-30,307,000","-61,898,000","-57,603,000","-38,029,000","-66,209,000","-44,248,000",,,,,,,,,,,,,,,,,,,,,,,,
	InterestIncomeNonOperating,"1,988,000","2,158,000","3,514,000","1,240,000","529,000","458,000","443,000","792,000","12,201,000","11,175,000","2,098,000","7,515,000",,,,,,,,,,,,,,,,,,,,,,,,
	InterestExpenseNonOperating,,"0","0","6,307,000","5,900,000","21,856,000","30,750,000","62,690,000","69,804,000","49,204,000","68,307,000","51,763,000",,,,,,,,,,,,,,,,,,,,,,,,
OtherIncomeExpense,"8,612,000","3,881,000","9,367,000","2,825,000","-5,601,000","2,488,000","1,427,000","-933,000","1,797,000","-67,318,000","772,000","-35,600,000","-213,546,000","-250,136,000","8,894,000","20,546,000","50,473,000","63,350,000","73,722,000","54,409,000","81,796,000","-18,000,000","53,300,000","37,700,000","-137,300,000","28,300,000","27,000,000","-2,800,000","11,400,000","400,000","7,100,000","11,500,000",,,,
	EarningsFromEquityInterest,"15,412,000","10,681,000","9,367,000","2,825,000","-5,601,000","2,488,000","1,427,000","-933,000","1,797,000","-36,553,000","772,000","-35,600,000","-135,210,000","-129,220,000","8,894,000","20,546,000","17,600,000","2,457,000","4,378,000",,,,,,,,,,,,,,,,,
	SpecialIncomeCharges,,"-6,800,000",,"-5,685,000",,,,"-10,448,000","0","-30,765,000","0","0","-78,336,000","-120,916,000",,,"32,873,000","60,893,000","69,344,000","54,409,000","81,796,000","-18,000,000","53,300,000","37,700,000","-137,300,000","28,300,000","27,000,000","-2,800,000","11,400,000","400,000","7,100,000","11,500,000",,,,
		ImpairmentOfCapitalAssets,,,,,,,,,,,"0","0",,,,,,,,,,,,,,,,,,,,,,,,
		OtherSpecialCharges,,"6,800,000",,"5,685,000",,,,"10,448,000",,,,"51,763,000",,,,,,,,,,,,,,,,,,,,,,,,
		GainOnSaleOfBusiness,,,,,,,,,,,,"-35,600,000",,,,,,,,,,,,,,,,,,,,,,,,
PretaxIncome,"382,512,000","348,175,000","367,965,000","289,995,000","149,315,000","127,043,000","94,949,000","38,363,000","-79,053,000","-181,168,000","-76,368,000","-311,184,000","-967,931,000","-1,460,770,000","698,051,000","1,296,021,000","717,702,000","553,464,000","469,250,000","324,517,000","297,660,000","226,900,000","146,600,000","91,000,000","-95,700,000","45,500,000","73,900,000","64,300,000","45,500,000","43,500,000","70,000,000","142,800,000","90,600,000","66,400,000","53,100,000","48,100,000"
TaxProvision,"84,000,000","79,400,000","197,600,000","109,400,000","43,700,000","42,400,000","-823,400,000","-1,600,000","-20,100,000","-2,400,000","-7,000,000","-209,400,000","8,200,000","-46,000,000","215,700,000","453,600,000","236,800,000","182,700,000","154,900,000","110,300,000","87,700,000","79,400,000","51,300,000","32,800,000","-34,500,000","16,400,000","27,300,000","24,400,000","17,300,000","17,000,000","30,100,000","61,400,000","42,600,000","30,900,000","25,500,000","25,000,000"
NetIncomeCommonStockholders,"296,749,000","267,147,000","169,387,000","179,418,000","105,062,000","84,337,000","915,656,000","39,849,000","-58,953,000","-178,768,000","-69,368,000","-101,784,000","-976,131,000","-929,414,000","482,351,000","842,421,000","480,902,000","370,764,000","314,350,000","214,217,000","209,960,000","147,500,000","95,300,000","58,200,000","-61,200,000","29,100,000","46,600,000","35,000,000","28,200,000","26,500,000","39,900,000","81,400,000","48,000,000","35,500,000","27,600,000","23,100,000"
	NetIncome,"298,512,000","268,775,000","170,365,000","180,595,000","105,615,000","84,643,000","918,349,000","39,963,000","-58,953,000","-178,768,000","-69,368,000","-101,784,000","-976,131,000","-929,414,000","482,351,000","842,421,000","480,902,000","370,764,000","314,350,000","214,217,000","209,960,000","147,500,000","95,300,000","58,200,000","-61,200,000","29,100,000","46,600,000","39,900,000","28,200,000","26,500,000","39,900,000","81,400,000","48,000,000","35,500,000","27,600,000","23,100,000"
		NetIncomeIncludingNoncontrollingInterests,"298,512,000","268,775,000","170,365,000","180,595,000","105,615,000","84,643,000","918,349,000","39,963,000","-58,953,000","-178,768,000","-69,368,000","-101,784,000","-976,131,000","-929,414,000","550,651,000","920,248,000","549,951,000","397,653,000","331,344,000","242,149,000","241,600,000","176,900,000","102,300,000","58,600,000","-61,000,000","29,700,000","47,500,000","50,100,000","39,900,000","47,800,000","71,200,000","92,100,000","48,000,000","35,500,000","27,600,000","23,100,000"
			NetIncomeContinuousOperations,"298,512,000","268,775,000","170,365,000","180,595,000","105,615,000","84,643,000","918,349,000","39,963,000","-58,953,000","-178,768,000","-69,368,000","-101,784,000","-976,131,000","-1,414,770,000","482,351,000","842,421,000","480,902,000","370,764,000","314,350,000","214,217,000","209,960,000","147,500,000","95,300,000","58,200,000","-61,200,000","29,100,000","46,600,000","39,900,000","28,200,000","26,500,000","39,900,000","81,400,000","48,000,000","35,500,000","27,600,000","23,100,000"
			NetIncomeDiscontinuousOperations,,,,,,,,,,,,"0",,"485,356,000",,,,,,,,,,,,,,,,,,,,,,
		MinorityInterests,,,,,,,,,,,,,,,"-68,300,000","-77,827,000","-69,049,000","-26,889,000","-16,994,000","-27,932,000","-31,640,000","-29,400,000","-7,000,000","-400,000","-200,000","-600,000","-900,000","-10,200,000","-11,700,000","-21,300,000","-31,300,000","-10,700,000",,,,
	PreferredStockDividends,,,,,,,,,,,,,,,,,,,,,,,,,,,,"4,900,000",,,,,,,,
	OtherunderPreferredStockDividend,"1,763,000","1,628,000","978,000","1,177,000","553,000","306,000","2,693,000","114,000",,,,,,,,,,,,,,,,,,,,,,,,,,,,
AverageDilutionEarnings,"88,000","634,000","3,312,000","2,796,000","2,722,000","2,696,000","2,936,000","2,239,000",,,,,,,,,,,,,,,,,,,,,,,,,,,,
DilutedNIAvailtoComStockholders,"296,837,000","267,781,000","172,699,000","182,214,000","107,784,000","87,033,000","918,592,000","42,088,000","-58,953,000","-178,768,000","-69,368,000","-101,784,000","-976,131,000","-929,414,000","482,351,000","842,421,000","480,902,000","370,764,000","314,350,000","214,217,000","209,960,000","147,500,000","95,300,000","58,200,000","-61,200,000","29,100,000","46,600,000","35,000,000","28,200,000","26,500,000","39,900,000","81,400,000","48,000,000","35,500,000","27,600,000","23,100,000"
BasicEPS,,"3.04","1.93","2.09","1.23","0.92","10.26","0.48","-0.76","-2.32","-0.9","-1.33","-12.59","-12.04","6.12","10.29","6.14","4.705","3.785","2.86","2.695","1.58","1.205","0.725","-0.77","0.365","0.58","0.24","0.195","0.2","0.313","0.61","0.44","0.33","0.27","0.23"
DilutedEPS,,"2.85","1.71","1.85","1.12","0.85","9.25","0.46","-0.76","-2.32","-0.9","-1.33","-12.59","-12.04","5.82","9.53","5.7","4.4","3.575","2.75","2.62","1.54","1.16","0.725","-0.77","0.365","0.58","0.24","0.193","0.198","0.303","0.59","0.44","0.33","0.27","0.23"
BasicAverageShares,,"87,996,000","87,773,000","85,842,000","85,706,000","92,054,000","89,265,000","82,630,000","77,106,000","77,043,000","76,889,000","76,660,000","77,532,248","77,193,854","78,815,523","81,867,930","78,322,801","78,802,125","83,051,519","74,901,049","77,907,236","93,354,430","79,087,137","80,275,862","79,480,519","79,726,027","80,344,828","69,448,000","73,976,000","57,530,000","55,444,000","55,326,000","54,596,000","54,008,000","54,000,000","50,000,000"
DilutedAverageShares,,"93,838,000","101,059,000","98,316,000","96,278,000","102,857,000","99,314,000","91,559,000","77,106,000","77,043,000","76,889,000","76,660,000","77,532,248","77,193,854","82,878,179","88,396,747","84,368,772","84,264,545","87,930,070","77,897,091","80,137,405","95,779,221","82,155,172","80,275,862","79,480,519","79,726,027","80,344,828","69,448,000","73,976,000","57,530,000","55,444,000","55,326,000","54,596,000","54,008,000","54,000,000","50,000,000"
TotalOperatingIncomeAsReported,"360,236,000","331,380,000","345,721,000","283,403,000","152,401,000","138,621,000","115,969,000","92,084,000",,,,,,,,,,,,,,,,,,,,,,,,,,,,
TotalExpenses,"4,445,287,000","4,210,611,000","4,191,918,000","4,076,292,000","3,434,359,000","2,886,077,000","2,277,120,000","1,995,936,000","1,571,679,000","1,381,383,000","1,600,927,000","2,056,186,000","3,894,579,000","7,741,025,000","10,248,075,000","8,084,654,000","6,277,985,000","5,287,655,000","4,485,977,000","4,149,399,000","3,599,043,000","3,524,600,000","2,264,200,000","1,747,300,000","1,662,200,000","1,306,800,000","1,224,700,000","1,118,600,000","998,000,000","1,103,800,000","1,210,900,000","1,061,100,000","806,800,000","601,300,000","442,600,000","300,400,000"
NetIncomeFromContinuingAndDiscontinuedOperation,"298,512,000","268,775,000","170,365,000","180,595,000","105,615,000","84,643,000","918,349,000","39,963,000","-58,953,000","-178,768,000","-69,368,000","-101,784,000","-976,131,000","-929,414,000","482,351,000","842,421,000","480,902,000","370,764,000","314,350,000","214,217,000","209,960,000","147,500,000","95,300,000","58,200,000","-61,200,000","29,100,000","46,600,000","39,900,000","28,200,000","26,500,000","39,900,000","81,400,000","48,000,000","35,500,000","27,600,000","23,100,000"
NormalizedIncome,"298,512,000","274,024,600","170,365,000","180,595,000","105,615,000","84,643,000","918,349,000","39,963,000","-58,953,000","-148,410,555.418","-69,368,000","-101,784,000","-925,212,600","-1,297,661,674.035","482,351,000","842,421,000","458,875,181.841","329,971,948.029","267,896,539.371","178,301,061.072","152,263,674.797","159,201,189.952","60,651,364.256","34,088,571.429","26,603,134.796","11,000,439.56","29,574,289.581","41,637,480.56","21,134,505.495","26,256,321.839","35,640,000","74,500,000","48,000,000","35,500,000","27,600,000","23,100,000"
InterestIncome,"1,988,000","2,158,000","3,514,000","1,240,000","529,000","458,000","443,000","792,000","12,201,000","11,175,000","2,098,000","7,515,000",,,,,,,,,,,,,,,,,,,,,,,,
InterestExpense,,"0","0","6,307,000","5,900,000","21,856,000","30,750,000","62,690,000","69,804,000","49,204,000","68,307,000","51,763,000",,,,,,,,,,,,,,,,,,,,,,,,
NetInterestIncome,"1,988,000","2,158,000","3,514,000","-5,067,000","-5,371,000","-21,398,000","-30,307,000","-61,898,000","-57,603,000","-38,029,000","-66,209,000","-44,248,000",,,,,,,,,,,,,,,,,,,,,,,,
EBIT,"377,951,000","348,175,000","367,965,000","296,302,000","155,215,000","148,899,000","125,699,000","101,053,000","-9,249,000","-131,964,000","-8,061,000","-259,421,000","-860,643,000","-1,324,499,000","755,717,000","1,356,996,000","774,699,000","562,899,000","452,917,000","352,316,000","271,445,000","292,500,000","138,800,000","96,300,000","91,900,000","60,100,000","82,900,000","119,300,000","96,200,000","117,200,000","155,400,000","204,100,000","96,600,000","70,600,000","58,500,000","56,500,000"
EBITDA,"405,979,000"
ReconciledCostOfRevenue,"3,924,126,000","3,708,928,000","3,743,920,000","3,646,468,000","3,041,101,000","2,539,368,000","1,985,651,000","1,737,086,000","1,320,520,000","1,133,497,000","1,308,288,000","1,749,911,000","3,319,304,000","6,831,175,000","8,853,503,000","6,888,139,000","5,325,856,000","4,479,019,000","3,890,243,000","3,612,936,000","3,081,559,000","3,011,900,000","1,931,600,000","1,498,600,000","1,422,800,000","1,111,400,000","1,042,600,000","958,300,000","847,500,000","959,400,000","1,036,500,000","916,700,000",,,,
ReconciledDepreciation,"28,028,000","27,158,000","2,530,000","2,791,000","3,637,000","3,411,000","2,420,000","1,857,000","1,622,000","2,031,000","3,289,000","5,235,000","9,317,000","19,752,000","24,167,000","23,447,000","23,863,000","23,278,000","19,328,000","45,142,000","42,310,000","39,800,000","18,100,000","14,200,000","12,300,000","8,000,000","5,700,000","12,300,000","18,600,000","16,600,000","16,100,000","8,900,000",,,,
NetIncomeFromContinuingOperationNetMinorityInterest,"298,512,000","268,775,000","170,365,000","180,595,000","105,615,000","84,643,000","918,349,000","39,963,000","-58,953,000","-178,768,000","-69,368,000","-101,784,000","-976,131,000","-1,414,770,000","482,351,000","842,421,000","480,902,000","370,764,000","314,350,000","214,217,000","209,960,000","147,500,000","95,300,000","58,200,000","-61,200,000","29,100,000","46,600,000","39,900,000","28,200,000","26,500,000","39,900,000","81,400,000","48,000,000","35,500,000","27,600,000","23,100,000"
TotalUnusualItemsExcludingGoodwill,,"-6,800,000",,"-5,685,000",,,,"-10,448,000","0","-30,765,000","0","0","-78,336,000","-120,916,000",,,"32,873,000","60,893,000","69,344,000","54,409,000","81,796,000","-18,000,000","53,300,000","37,700,000","-137,300,000","28,300,000","27,000,000","-2,800,000","11,400,000","400,000","7,100,000","11,500,000",,,,
TotalUnusualItems,,"-6,800,000",,"-5,685,000",,,,"-10,448,000","0","-30,765,000","0","0","-78,336,000","-120,916,000",,,"32,873,000","60,893,000","69,344,000","54,409,000","81,796,000","-18,000,000","53,300,000","37,700,000","-137,300,000","28,300,000","27,000,000","-2,800,000","11,400,000","400,000","7,100,000","11,500,000",,,,
NormalizedEBITDA,"405,979,000","382,133,000","370,495,000","299,093,000","158,852,000","152,310,000","128,119,000","102,910,000","-7,627,000","-99,168,000","-4,772,000","-254,186,000","-772,990,000","-1,183,831,000","779,884,000","1,380,443,000","765,689,000","525,284,000","402,901,000","343,049,000","231,959,000","350,300,000","103,600,000","72,800,000","241,500,000","39,800,000","61,600,000","134,400,000","103,400,000","133,400,000","164,400,000","201,500,000","96,600,000","70,600,000","58,500,000","56,500,000"
TaxRateForCalcs,"0.22","0.228","0.27","0.377","0.293","0.334","0.35","0.35","0.254","0.013","0.092","0.35","0.35","0.031","0.309","0.35","0.33","0.33","0.33","0.34","0.295","0.35","0.35","0.36","0.361","0.36","0.369","0.379","0.38","0.391","0.4","0.4","0.4","0.4","0.4","0.4"
TaxEffectOfUnusualItems,"0","-1,550,400","0","0","0","0","0","0","0","-407,555.418","0","0","-27,417,600","-3,807,674.035","0","0","10,846,181.841","20,100,948.029","22,890,539.371","18,493,061.072","24,099,674.797","-6,298,810.048","18,651,364.256","13,588,571.429","-49,496,865.204","10,200,439.56","9,974,289.581","-1,062,519.44","4,334,505.495","156,321.839","2,840,000","4,600,000","0","0","0","0"