name,ttm,03/31/2020,12/31/2019,09/30/2019,06/30/2019,03/31/2019,12/31/2018,09/30/2018,06/30/2018,03/31/2018,12/31/2017,09/30/2017,06/30/2017,03/31/2017,12/31/2016,09/30/2016,06/30/2016,03/31/2016,10/31/2015,07/31/2015,04/30/2015,01/31/2015,10/31/2014,07/31/2014,04/30/2014,01/31/2014,10/31/2013,07/31/2013,04/30/2013,01/31/2013,10/31/2012,07/31/2012,04/30/2012,01/31/2012,10/31/2011,07/31/2011,04/30/2011,01/31/2011,10/31/2010,07/31/2010,04/30/2010,01/31/2010,10/31/2009,07/31/2009,04/30/2009,01/31/2009,10/31/2008,07/31/2008,04/30/2008,01/31/2008,10/31/2007,07/31/2007,04/30/2007,01/31/2007,10/31/2006,07/31/2006,04/30/2006,01/31/2006,10/31/2005,07/31/2005,04/30/2005,01/31/2005,10/31/2004,07/31/2004,04/30/2004,01/31/2004,10/31/2003,07/31/2003,04/30/2003,01/31/2003,10/31/2002,07/31/2002
TotalRevenue,"1,629,814,000","554,738,000","412,379,000","381,430,000","281,267,000","304,912,000","280,320,000","222,701,000","214,653,000","198,237,000","212,364,000","176,709,000","189,894,000","168,528,000","133,215,055.334","100,084,426.697","91,316,143.394","84,579,828.048","38,676,864.245","47,445,653.845","48,181,568.683","42,787,120.897","47,754,223.667","49,502,254.977","40,826,922.065","41,372,048.214","39,415,389.899","42,139,945.652","50,921,660.162","29,401,671.887","37,108,421.684","32,589,339.189","43,353,304.621","43,709,289.683","40,544,591.305","37,419,287.212","36,092,118.894","25,363,001.496","29,876,878.499","19,004,120.222","17,691,584.045","5,783,500.609","6,408,852.383","20,899,177.001","15,931,429.81","6,935,160.754","7,361,157.535","7,758,092.683","12,937,935.507","9,539,543.757","7,744,517.961","10,611,429.242","10,943,169.799","6,961,837.911","8,375,840.463","7,528,885.746","10,013,166.598","9,716,463.644","5,063,937.394","6,044,761.282","5,388,441.944","5,141,942.457","4,212,013.467","2,699,388.2","2,849,507.909","2,558,633.208","1,209,912.34","503,885.21","1,445,459.115","1,415,223.349","5,179,854.754",
	OperatingRevenue,"1,629,814,000","554,738,000","412,379,000","381,430,000","281,267,000","304,912,000","280,320,000","222,701,000","214,653,000","198,237,000","212,364,000","176,709,000","189,894,000","168,528,000","133,215,055.334","100,084,426.697","91,316,143.394","84,579,828.048","38,676,864.245","47,445,653.845","48,181,568.683","42,787,120.897","47,754,223.667","49,502,254.977","40,826,922.065","41,372,048.214","39,415,389.899","42,139,945.652","50,921,660.162","29,401,671.887","37,108,421.684","32,589,339.189","43,353,304.621","43,709,289.683","40,544,591.305","37,419,287.212","36,092,118.894","25,363,001.496","29,876,878.499","19,004,120.222","17,691,584.045","5,783,500.609","6,408,852.383","20,899,177.001","15,931,429.81","6,935,160.754","7,361,157.535","7,758,092.683","12,937,935.507","9,539,543.757","7,744,517.961","10,611,429.242","10,943,169.799","6,961,837.911","8,375,840.463","7,528,885.746","10,013,166.598","9,716,463.644","5,063,937.394","6,044,761.282","5,388,441.944","5,141,942.457","4,212,013.467","2,699,388.2","2,849,507.909","2,558,633.208","1,209,912.34","503,885.21","1,445,459.115","1,415,223.349","5,179,854.754",
CostOfRevenue,"642,443,000","275,680,000","135,036,000","125,786,000","105,941,000","119,624,000","109,505,000","107,419,000","105,195,000","100,063,000","120,104,000","103,303,000","114,224,000","120,735,000","94,154,534.702","57,615,516.258","63,179,211.303","59,891,836.923","28,656,214.149","34,946,806.875","36,218,926.988","32,792,383.765","38,623,781.119","37,799,288.674","37,515,518.602","42,108,706.367","37,868,958.806","36,118,982.919","39,695,679.991","26,324,242.364","30,048,009.602","26,568,177.281","27,133,269.97","25,346,380.585","23,665,680.89","25,492,662.474","17,950,828.344","17,953,205.985","17,126,622.139","13,684,531.66","5,366,161.845","11,764,765.471","12,911,449.329","17,849,273.141","10,878,554.64","8,241,003.852","8,979,231.924","8,942,050.732",,"9,288,433.531","8,487,646.347","8,341,891.257",,"7,917,938.284","7,404,871.658","7,459,230.939","9,999,637.857","5,286,542.783","4,217,334.179","8,551,671.844","5,661,735.321","7,826,512.176","7,805,789.949","7,041,474.634","6,404,553.061","4,890,687.547","4,075,701.395","2,704,456.313","2,335,760.959","1,880,151.944","3,232,298.089",
GrossProfit,"987,371,000","279,058,000","277,343,000","255,644,000","175,326,000","185,288,000","170,815,000","115,282,000","109,458,000","98,174,000","92,260,000","73,406,000","75,670,000","47,793,000","39,060,520.631","42,468,910.439","28,136,932.09","24,687,991.125","10,020,650.096","12,498,846.97","11,962,641.695","9,994,737.132","9,130,442.547","11,702,966.304","3,311,403.463","-736,658.153","1,546,431.093","6,020,962.733","11,225,980.172","3,077,429.523","7,060,412.082","6,021,161.909","16,220,034.651","18,362,909.098","16,878,910.415","11,926,624.738","18,141,290.55","7,409,795.511","12,750,256.36","5,319,588.561","12,325,422.2","-5,981,264.863","-6,502,596.946","3,049,903.86","5,052,875.17","-1,305,843.098","-1,618,074.389","-1,183,958.049",,"251,110.226","-743,128.386","2,269,537.985",,"-956,100.373","970,968.806","69,654.807","13,528.741","4,429,920.86","846,603.215","-2,506,910.562","-273,293.377","-2,684,569.719","-3,593,776.482","-4,342,086.434","-3,555,045.152","-2,332,054.34","-2,865,789.055","-2,200,571.103","-890,301.844","-464,928.595","1,947,556.665",
OperatingExpense,"78,355,000","22,044,000","20,379,000","17,172,000","18,760,000","24,562,000","25,050,000","27,043,000","23,785,000","26,534,000","15,103,000","28,607,000","21,151,000","20,216,000","8,025,575.395","9,390,378.399","8,163,675.432","5,256,386.552","2,882,600.382","2,872,582.48","3,305,860.73","2,045,449.19","2,443,118.906","3,332,050.013","2,490,816.612","2,283,461.039","4,014,424.453","3,662,655.28","4,761,825.763","5,427,647.986","5,877,175.435","6,365,542.024","6,322,545.205","4,956,559.037","5,186,392.259","3,682,389.937","13,078,200.415","3,448,132.668","4,205,716.531","2,207,161.755","7,841,347.091","1,820,792.997","3,133,336.418","1,614,510.241","3,474,465.616","2,589,868.234","2,455,378.2","2,381,762.927","36,130,303.694","2,493,222.095","2,221,679.903","2,588,940.746","34,048,715.341","1,933,413.869","2,350,459.002","3,158,607.735","8,026,402.624","591,183.595","1,685,664.975","1,773,243.95","9,942,437.012","479,396.178","463,655.773","2,092,298.384","4,268,923.341","278,196.226","214,906.013","159,133.376","1,246,054.788","732,674.601","870,706.28","651,353.297"
	SellingGeneralAndAdministration,"45,828,000","12,562,000","10,576,000","10,559,000","12,131,000","12,099,000","9,316,000","6,021,000","7,468,000","8,760,000","6,839,000","6,578,000","5,203,000","5,565,000","932,506.75","2,916,143.754","4,972,251.851","3,268,004.068","1,526,577.438","1,184,546.321","1,809,698.855","873,479.07","999,214.202","2,226,561.068","1,416,983.677","920,374.602","1,759,172.693","1,145,186.335","958,349.478","1,354,667.518","1,166,233.247","2,041,325.614","1,708,725.214","1,372,554.887","1,747,238.819","629,979.036","1,234,103.945","745,116.209","1,830,811.315","746,390.429","1,544,608.625","783,679.431","1,280,758.908","599,916.4","1,261,465.25","1,006,059.599","956,280.544","713,735.61","-766,061.096","600,262.987","847,564.298","931,727.862","-413,170.624","543,026.45","543,105.169","682,470.718","692,900.985","220,454.724","608,077.834","310,506.867","1,121,245.201","355,524.815","463,167.187","289,924.84","452,021.96","345,741.132","318,611.681","280,230.72","879,976.843","215,768.167","256,680.759","203,345.518"
		GeneralAndAdministrativeExpense,"45,828,000","12,562,000","10,576,000","10,559,000","12,131,000","12,099,000","9,316,000","6,021,000","7,468,000","8,760,000","6,839,000","6,578,000","5,203,000","5,565,000","932,506.75","2,916,143.754","4,972,251.851","3,268,004.068","1,526,577.438","1,184,546.321","1,809,698.855","873,479.07","999,214.202","2,226,561.068","1,416,983.677","920,374.602","1,759,172.693","1,145,186.335","958,349.478","1,354,667.518","1,166,233.247","2,041,325.614","1,708,725.214","1,372,554.887",,"629,979.036","1,234,103.945","745,116.209","1,830,811.315",,,,"1,280,758.908",,,,,,,,,,,,,,,,,,,,,,,,,,,,,
			SalariesAndWages,,"2,457,000",,"2,665,000","2,377,000","3,401,000","1,294,000","462,000","1,633,000","1,829,000","697,000","1,012,000","1,080,000","1,158,000","-110,178.741","438,866.705","704,138.262","211,087.486","321,988.528","215,232.297","648,697.2","32,991.116","309,854.627","1,429,985.7","5,181.948","0","45,791.914","258,152.174","178,020.516","189,533.747","277,055.411","573,966.86","836,668.891","534,658.008",,"0","21,451.814","2,918.703","133,723.603",,,,"400,059.232",,,,,,,,,,,,,,,,,,,,,,,,,,,,,
			OtherGandA,"46,772,000","10,105,000","19,068,000","7,894,000","9,754,000","8,698,000","8,022,000","5,559,000","5,835,000","6,931,000","6,142,000","5,566,000","4,123,000","4,407,000","1,042,685.492","2,477,277.049","4,268,113.59","3,056,916.582","1,204,588.91","969,314.024","1,161,001.655","840,487.954","689,359.574","796,575.368","1,411,801.729","920,374.602","1,713,380.779","887,034.161","780,328.963","1,165,133.771","889,177.836","1,467,358.754","872,056.323","837,896.879",,"629,979.036","1,212,652.131","742,197.506","1,697,087.712",,,,"880,699.676",,,,,,,,,,,,,,,,,,,,,,,,,,,,,
	DepreciationAmortizationDepletionIncomeStatement,,,,,,,,,,,,,,,,,,,,,,,,,,,,,,,,,,,,,,,"1,808,352.814",,,,"869,851.92",,"1,269,227.588","803,198.865","804,779.418","874,255.61","1,054,130.042","904,913.085",,"918,339.75","1,047,376.287","664,058.155","770,661.319","723,820.552","1,814,385.621","591,183.595","529,279.188","463,073.905","882,216.05","548,791.308","583,737.888","511,732.431","437,327.473","425,600","240,011.516","163,583.992","280,603.554","154,674.325","148,676.807","120,817.471"
		DepreciationAndAmortizationInIncomeStatement,,,,,,,,,,,,,,,,,,,,,,,,,,,,,,,,,,,,,,,,,,,,,,"803,198.865","804,779.418","874,255.61",,"904,913.085",,"918,339.75",,"664,058.155","770,661.319","723,820.552",,"591,183.595","529,279.188","463,073.905","882,216.05","548,791.308","583,737.888","511,732.431","437,327.473","425,600","240,011.516","163,583.992","280,603.554","154,674.325","148,676.807","120,817.471"
			Amortization,,,,,,,,,,,,,,,,,,,,,,,,,,,,,,,,,,,,,,,,,,,,,,"803,198.865","804,779.418","874,255.61",,"904,913.085",,"918,339.75",,"664,058.155","770,661.319","723,820.552",,"591,183.595","529,279.188","463,073.905","882,216.05","548,791.308","583,737.888","511,732.431","437,327.473","425,600","240,011.516","163,583.992","280,603.554","154,674.325","148,676.807","120,817.471"
				AmortizationOfIntangiblesIncomeStatement,,,,,,,,,,,,,,,,,,,,,,,,,,,,,,,,,,,,,,,,,,,,,,"803,198.865","804,779.418","874,255.61",,"904,913.085",,"918,339.75",,"664,058.155","770,661.319","723,820.552",,"591,183.595","529,279.188","463,073.905","882,216.05","548,791.308","583,737.888","511,732.431","437,327.473","425,600","240,011.516","163,583.992","280,603.554","154,674.325","148,676.807","120,817.471"
	OtherOperatingExpenses,"28,642,000","6,592,000","9,564,000","6,072,000","6,414,000","12,267,000","14,108,000","20,606,000","16,087,000","16,965,000","10,441,000","17,155,000","11,843,000","9,576,000","3,037,068.644","6,474,234.645","3,191,423.581","1,988,382.484","1,356,022.945","1,688,036.159","1,496,161.875","1,171,970.119","1,443,904.704","1,105,488.945","1,073,832.935","1,363,086.436","2,255,251.76","2,517,468.944","3,803,476.284","4,072,980.468","4,710,942.188","4,324,216.41","4,613,819.991","3,584,004.15","3,439,153.439","3,052,410.901","3,535,323.854","2,703,016.459","566,552.402","1,460,771.326","2,209,232.366","1,037,113.566","982,725.59","1,014,593.841","943,772.779","780,609.771","694,318.239","793,771.707","31,998,935.476","988,046.023","1,374,115.605","738,873.134","29,026,832.69","726,329.264","1,036,692.513","1,752,316.464","5,519,116.018","-220,454.724","548,307.953","999,663.179","7,938,975.761","-424,919.945","-583,249.302","1,290,641.112","3,379,573.908","-493,144.906","-343,717.184","-284,681.336","85,474.391","362,232.109","465,348.713","327,190.308"
OperatingIncome,"909,016,000","257,014,000","256,964,000","238,472,000","156,566,000","160,726,000","145,765,000","88,239,000","85,673,000","71,640,000","77,157,000","44,799,000","54,519,000","27,577,000","31,034,945.237","33,078,532.04","19,973,256.659","19,431,604.573","7,138,049.713","9,626,264.49","8,656,780.965","7,949,287.942","6,687,323.642","8,370,916.291","820,586.851","-3,020,119.192","-2,467,993.36","2,358,307.453","6,464,154.409","-2,350,218.463","1,183,236.647","-344,380.116","9,897,489.446","13,406,350.061","11,692,518.156","8,244,234.801","5,063,090.135","3,961,662.843","8,544,539.829","3,112,426.807","4,484,075.109","-7,802,057.86","-9,635,933.364","1,435,393.619","1,578,409.554","-3,895,711.332","-4,073,452.589","-3,565,720.976","2,045,507.99","-2,242,111.869","-2,964,808.289","-319,402.761","-990,827.842","-2,889,514.242","-1,379,490.196","-3,088,952.928","-8,012,873.883","3,838,737.266","-839,061.76","-4,280,154.513","-10,215,730.389","-3,163,965.897","-4,057,432.255","-6,434,384.818","-7,823,968.493","-2,610,250.566","-3,080,695.068","-2,359,704.479","-2,136,356.632","-1,197,603.197","1,076,850.385","-651,353.297"
NetNonOperatingInterestIncomeExpense,"6,026,000","1,499,000","1,480,000","1,797,000","1,250,000","980,000","2,336,000","497,000","146,000","270,000","-2,769,000","-1,657,000","-2,216,000","-2,452,000","-1,463,807.188","-2,078,722.191","-2,985,824.483","-4,089,242.242","-2,322,753.346","-3,903,391.446","-1,785,580.626","-2,215,903.289","-2,773,511.448","-3,271,550.618","-3,349,321.835","-2,494,062.822","-3,349,487.703","-3,176,436.335","-2,435,088.048","-3,302,874.928","-2,009,401.88","49,910.162","43,207.388","119,699.554","161,949.021","72,327.044","212,211.621","234,295.262","178,094.49","109,808.384","191,378.172","66,220.391","71,194.817","67,424.644",,,,,,,,,,,,,,,,,,,,,,,,,,,,
	InterestIncomeNonOperating,"8,099,000","2,596,000","1,948,000","2,198,000","1,357,000","1,438,000","3,139,000","914,000","943,000","718,000","514,000","404,000","621,000","572,000","-1,137,604.678","802,433.923","1,011,763.978","184,894.148","1,268,068.834","780,985.764","1,490,340.233","1,000,730.518","504,518.341","65,999.34","624,389.571","138,907.559","134,513.747","199,922.36","288,217.837","297,268.719","392,078.416","192,653.224","138,339.253","167,579.376","209,226.065",,"236,883.635","237,843.392","180,885.964","112,171.968","228,404.206","68,926.131","73,546.506","71,377.084",,,,,,,,,,,,,,,,,,,,,,,,,,,,
	InterestExpenseNonOperating,"1,547,000","1,048,000","52,000","379,000","68,000","423,000","291,000","288,000","520,000","397,000","1,842,000","1,951,000","2,809,000","2,990,000","-85,797.49","2,881,156.113","3,997,588.462","4,274,136.39","3,590,822.18","4,684,377.21","3,275,920.859","3,216,633.806","3,278,029.789","3,337,549.958","3,973,711.406","2,632,970.381","3,484,001.45","3,376,358.696","4,370,254.392","3,001,616.025","2,401,480.296","142,743.062","95,131.865","47,879.822","47,277.043",,"24,672.014","3,548.13","2,791.474","2,363.583","37,026.034","2,705.739","2,351.689","3,952.441",,,,,,,,,,,,,,,,,,,,,,,,,,,,
	TotalOtherFinanceCost,"526,000","49,000","416,000","22,000","39,000","35,000","512,000","129,000","277,000","51,000","1,441,000","110,000","28,000","34,000",,,,,,,,,,,,,,,,"598,527.622",,,,,,"-72,327.044",,,,,,,,,,,,,,,,,,,,,,,,,,,,,,,,,,,,
OtherIncomeExpense,"18,076,000","36,012,000","-26,402,000","13,850,000","-5,384,000","-2,117,000","1,235,000","-5,759,000","4,290,000","5,364,000","-19,588,000","20,906,000","-9,000","-168,000","-18,198,991.824","-972,808.519",,,,,,,,,,,,,,,,,,,,,,,,,,,,,,,,,,,,,,,,,"630,871.403","-290,763.849","-137.056","-180,516.678","-199,549.814","-154,322.979",,"-192,796.693","-92,715.367","-74,857.358","-2,219.158","-138.147","-28,992.153","-30,143.729","-103,263.554",
	GainOnSaleOfSecurity,"55,066,000","69,096,000","-22,349,000","13,649,000","-5,330,000","-2,196,000","2,318,000","-5,743,000","3,815,000","5,620,000","-20,552,000","19,888,000",,,,,,,,,,,,,,,,,,,,,,,,,,,,,,,,,,,,,,,,,,,,,,,,,,,,,,,,,,,,
	SecuritiesAmortization,,,,,,,,,,,,"1,527,000",,,,,,,,,,,,,,,,,,,,,,,,,,,,,,,,,,,,,,,,,,,,,,,,,,,,,,,,,,,,
	SpecialIncomeCharges,"-40,344,000","-34,219,000","-5,847,000","51,000","-329,000","-94,000","-1,605,000","9,000","68,000","-489,000","-444,000","-513,000","-1,078,000","-378,000",,,,,,,,,,,,,,,,,,,,,,,,,,,,,,,,,,,,,,,,,,,,,,,,,,,,,,,,,,
		RestructuringAndMergernAcquisition,"35,074,000","33,838,000",,,,,"0","0","0","0","397,000","383,000","1,078,000","378,000",,,,,,,,,,,,,,,,,,,,,,,,,,,,,,,,,,,,,,,,,,,,,,,,,,,,,,,,,,
		GainOnSaleOfPPE,"-5,270,000","-381,000","-4,611,000","51,000","-329,000","-94,000","-1,605,000","9,000","68,000","-489,000","-840,000","-130,000",,,,,,,,,,,,,,,,,,,,,,,,,,,,,,,,,,,,,,,,,,,,,,,,,,,,,,,,,,,,
	OtherNonOperatingIncomeExpenses,"3,354,000","1,135,000","1,794,000","150,000","275,000","173,000","522,000","-25,000","407,000","233,000","4,082,000","4,000","1,069,000","210,000","838,008.176","-972,808.519",,,,,,,,,,,,,,,,,,,,,,,,,,,,,,,,,,,,,,,,,,,,,,,,,,,,,,,,
PretaxIncome,"933,118,000","294,525,000","232,042,000","254,119,000","152,432,000","159,589,000","149,336,000","82,977,000","90,109,000","77,274,000","54,799,000","64,048,000","52,294,000","24,957,000","11,372,146.226","30,027,001.331","16,987,432.175","15,342,362.331","4,815,296.367","5,722,873.044","6,871,200.339","5,733,384.653","3,913,812.194","5,099,365.673","-2,528,734.983","-5,514,182.014","-5,817,481.063","-818,128.882","4,029,066.361","-5,653,093.39","-826,165.233","-294,469.954","9,940,696.834","13,526,049.615","11,854,467.178","8,316,561.845","5,146,104.845","4,195,958.105","7,528,895.983",,,,"-9,564,738.547",,,"-3,801,639.57",,,"920,005.815","-1,887,459.282",,,"-1,506,351.748","-2,695,935.91",,,,,,,,,,,,,,,,,,
TaxProvision,"280,306,000","91,647,000","62,907,000","77,515,000","48,237,000","49,443,000","42,801,000","27,092,000","28,623,000","23,467,000","-11,085,000","20,268,000","17,742,000","11,824,000","8,087,736.071","11,195,284.275","6,348,838.288","5,697,821.331","3,233,652.008","2,472,096.67","322,685.274","2,396,568.924","1,517,126.835","532,578.008","-1,286,064.845","-1,731,415.513","-2,082,578.085","888,975.155","-2,423,217.276","4,034,076.173","-43,008.602","-706,727.89","8,737,979.54","4,035,869.966","2,535,860.14","-14,932,914.046","-68,033.052","0","-883,825.754",,,,,,,,,,,,,,"-35,555.923","-551,063.92",,,,,,,,,,,,,,,,,,
NetIncomeCommonStockholders,"652,812,000","202,878,000","169,135,000","176,604,000","104,195,000","110,146,000","106,535,000","55,885,000","61,486,000","53,807,000","40,980,000","43,780,000","34,552,000","13,133,000","3,284,410.154","18,831,717.056","10,638,593.888","9,644,541","1,581,644.359","3,250,776.374","6,548,515.066","3,336,815.729","2,396,685.359","4,566,787.665","-1,242,670.138","-3,782,766.501","-3,734,902.978","-1,707,104.037","6,452,283.637","-9,687,169.563","-783,156.631","412,257.936","1,202,717.294","9,490,179.649","9,318,607.037","23,249,475.891","5,214,137.897","4,195,958.105","8,412,721.737","3,222,235.191","3,685,287.061","-7,735,837.468","-9,564,738.547","1,502,818.262","1,624,334.305","-3,801,639.57","-3,994,964.557","-3,271,707.317","920,005.815","-1,887,459.282","-2,517,501.709","34,028.547","-1,470,795.825","-2,144,871.991","-1,218,341.355","-2,913,078.453","-2,285,481.723","2,019,897.687","-762,391.709","-4,416,459.287","-2,764,587.118","-5,107,117.449","-7,296,795.04","-6,787,810.598","-5,612,631.752","-4,332,867.17","-3,527,514.831","-2,852,559.282","-2,264,115.526","-1,315,495.429","876,561.046","-731,750.541"
	NetIncome,"652,812,000","202,878,000","169,135,000","176,604,000","104,195,000","110,146,000","106,535,000","55,885,000","61,486,000","53,807,000","40,980,000","43,780,000","34,552,000","13,133,000","3,284,410.154","18,831,717.056","10,638,593.888","9,644,541","1,581,644.359","3,250,776.374","6,548,515.066","3,336,815.729","2,396,685.359","4,566,787.665","-1,242,670.138","-3,782,766.501","-3,734,902.978","-1,707,104.037","6,452,283.637","-9,687,169.563","-783,156.631","412,257.936","1,202,717.294","9,490,179.649","9,318,607.037","23,249,475.891","5,214,137.897","4,195,958.105","8,412,721.737","3,222,235.191","3,685,287.061","-7,735,837.468","-9,564,738.547","1,502,818.262","1,624,334.305","-3,801,639.57","-3,994,964.557","-3,271,707.317","920,005.815","-1,887,459.282","-2,517,501.709","34,028.547","-1,470,795.825","-2,144,871.991","-1,218,341.355","-2,913,078.453","-2,285,481.723","2,019,897.687","-762,391.709","-4,416,459.287","-2,764,587.118","-5,107,117.449","-7,296,795.04","-6,787,810.598","-5,612,631.752","-4,332,867.17","-3,527,514.831","-2,852,559.282","-2,264,115.526","-1,315,495.429","876,561.046","-731,750.541"
		NetIncomeIncludingNoncontrollingInterests,"652,812,000","202,878,000","169,135,000","176,604,000","104,195,000","110,146,000","106,535,000","55,885,000","61,486,000","53,807,000","40,980,000","43,780,000","34,552,000","13,133,000","3,284,410.154","18,831,717.056","10,638,593.888","9,644,541","1,581,644.359","3,250,776.374","6,548,515.066","3,336,815.729","2,396,685.359","4,566,787.665","-1,242,670.138","-3,782,766.501","-3,734,902.978","-1,707,104.037","6,452,283.637","-9,687,169.563","-783,156.631","412,257.936","1,202,717.294","9,490,179.649","9,318,607.037","23,249,475.891","5,214,137.897","4,195,958.105","8,412,721.737","3,222,235.191","3,685,287.061","-7,735,837.468","-9,564,738.547","1,502,818.262","1,624,334.305","-3,801,639.57","-3,994,964.557","-3,271,707.317","920,005.815","-1,887,459.282","-2,517,501.709","34,028.547","-1,470,795.825","-2,144,871.991","-1,218,341.355","-2,913,078.453","-2,285,481.723","2,019,897.687","-762,391.709","-4,416,459.287","-2,764,587.118","-5,107,117.449","-7,296,795.04","-6,787,810.598","-5,612,631.752","-4,332,867.17","-3,527,514.831","-2,852,559.282","-2,264,115.526","-1,315,495.429","876,561.046","-731,750.541"
			NetIncomeContinuousOperations,"652,812,000","202,878,000","169,135,000","176,604,000","104,195,000","110,146,000","106,535,000","55,885,000","61,486,000","53,807,000","65,884,000","43,780,000","34,552,000","13,133,000","3,284,410.154","18,831,717.056","10,638,593.888","9,644,541","1,581,644.359","3,250,776.374","6,548,515.066","3,336,815.729","2,396,685.359","4,566,787.665","-1,242,670.138","-3,782,766.501","-3,734,902.978","-1,707,104.037","6,452,283.637","-9,687,169.563","-783,156.631","412,257.936","1,202,717.294","9,490,179.649","9,318,607.037","23,249,475.891","5,214,137.897","4,195,958.105","8,412,721.737","3,222,235.191","3,685,287.061","-7,735,837.468","-9,564,738.547","1,502,818.262","1,624,334.305","-3,801,639.57","-3,994,964.557","-3,271,707.317","920,005.815","-1,887,459.282","-2,517,501.709","34,028.547","-1,470,795.825","-2,144,871.991","-1,218,341.355","-2,913,078.453","-2,285,481.723","2,019,897.687","-762,391.709","-4,416,459.287","-2,764,587.118","-5,107,117.449","-7,296,795.04","-6,787,810.598","-5,612,631.752","-4,332,867.17","-3,527,514.831","-2,852,559.282","-2,264,115.526","-1,315,495.429","876,561.046","-731,750.541"
			NetIncomeDiscontinuousOperations,,,,,,,"0","0","0","0",,,,,,,,,,,,,,,,,,,,,,,,,,,,,,,,,,,,,,,,,,,,,,,,,,,,,,,,,,,,,,
DilutedNIAvailtoComStockholders,"652,812,000","202,878,000","169,135,000","176,604,000","104,195,000","110,146,000","106,535,000","55,885,000","61,486,000","53,807,000","40,980,000","43,780,000","34,552,000","13,133,000","3,284,410.154","18,831,717.056","10,638,593.888","9,644,541","1,581,644.359","3,250,776.374","6,548,515.066","3,336,815.729","2,396,685.359","4,566,787.665","-1,242,670.138","-3,782,766.501","-3,734,902.978","-1,707,104.037","6,452,283.637","-9,687,169.563","-783,156.631","412,257.936","1,202,717.294","9,490,179.649","9,318,607.037","23,249,475.891","5,214,137.897","4,195,958.105","8,412,721.737","3,222,235.191","3,685,287.061","-7,735,837.468","-9,564,738.547","1,502,818.262","1,624,334.305","-3,801,639.57","-3,994,964.557","-3,271,707.317","920,005.815","-1,887,459.282","-2,517,501.709","34,028.547","-1,470,795.825","-2,144,871.991","-1,218,341.355","-2,913,078.453","-2,285,481.723","2,019,897.687","-762,391.709","-4,416,459.287","-2,764,587.118","-5,107,117.449","-7,296,795.04","-6,787,810.598","-5,612,631.752","-4,332,867.17","-3,527,514.831","-2,852,559.282","-2,264,115.526","-1,315,495.429","876,561.046","-731,750.541"
BasicEPS,,"0.79",,"0.84","0.5","0.52",,"0.27","0.29","0.25",,"0.21","0.17","0.06",,"0.16","0.093","0.092","0.023","0.038","0.091","0.047","0.036","0.064",,"-0.054","-0.057","-0.029",,"-0.14","-0.01","0.01",,"0.14","0.131","0.335",,"0.06","0.128","0.049",,"-0.122","-0.157","0.028",,"-0.065","-0.075","-0.059",,"-0.03","-0.042","0.001",,"-0.042","-0.027","-0.053",,"0.044","-0.017","-0.098",,"-0.113","-0.181","-0.188",,"-0.143","-0.121","-0.114",,"-0.066","0.045","-0.038"
DilutedEPS,,"0.77",,"0.83","0.49","0.52",,"0.26","0.29","0.25",,"0.2","0.16","0.06",,"0.16","0.093","0.092","0.023","0.038","0.091","0.047","0.036","0.064",,"-0.054","-0.057","-0.029",,"-0.14","-0.01","0.01",,"0.14","0.131","0.335",,"0.06","0.128","0.049",,"-0.122","-0.157","0.028",,"-0.065","-0.075","-0.059",,"-0.03","-0.042","0.001",,"-0.042","-0.027","-0.053",,"0.044","-0.017","-0.098",,"-0.113","-0.181","-0.188",,"-0.143","-0.121","-0.114",,"-0.066","0.038","-0.038"
BasicAverageShares,,"257,418,000",,"210,189,000","210,088,000","210,193,000",,"210,786,000","211,032,000","211,044,000",,"208,149,000","209,313,000","204,468,000",,"116,169,424","115,571,565","105,281,126","80,493,133","80,366,408","73,674,090","72,080,581","72,046,482","70,742,915",,"70,150,912","70,150,912","70,150,912",,"70,150,912","70,150,912","70,150,912",,"70,091,111","69,867,941","69,798,529",,"68,116,420","67,763,116","67,728,645",,"63,415,452","61,168,393","58,557,132",,"55,716,361","55,712,653","55,703,312",,"55,676,805","55,309,397","55,192,411",,"53,152,804","52,952,736","52,367,173",,"49,157,954","47,675,166","45,516,828",,"43,759,542","40,891,352","36,749,310",,"30,278,313","28,288,788","24,377,410",,"20,139,131","19,032,194","18,483,425"
DilutedAverageShares,,"258,360,000",,"211,593,000","211,664,000","211,967,000",,"212,702,000","212,998,000","212,239,000",,"213,946,000","210,709,000","207,591,000",,"117,441,470","116,997,839","108,751,005","81,118,589","81,142,823","74,484,431","72,602,049","73,146,313","70,983,726",,"70,150,912","70,150,912","70,150,912",,"70,209,195","70,150,912","70,435,208",,"70,657,136","70,493,953","70,354,626",,"68,919,593","67,968,362","67,728,645",,"63,415,452","61,168,393","58,557,132",,"55,716,361","55,712,653","55,703,312",,"55,676,805","55,309,397","55,192,411",,"53,152,804","52,952,736","52,367,173",,"49,157,954","47,675,166","45,516,828",,"43,759,542","40,891,352","36,749,310",,"30,278,313","28,288,788","24,377,410",,"20,139,131","25,873,406","18,483,825"
TotalOperatingIncomeAsReported,"875,206,000","223,837,000","255,956,000","238,647,000","156,766,000","160,971,000","146,066,000","88,504,000","85,997,000","71,902,000","76,932,000","44,705,000","53,706,000","27,474,000",,,,,,,,,,,,,"7,363,912.156",,,,"1,183,236.647","-344,380.116",,"13,406,350.061","11,692,518.156","8,244,234.801",,"3,961,662.843","8,722,634.319",,,,"-9,635,933.364",,"2,039,087.194","-3,895,711.332","-4,073,452.589","-3,565,720.976","2,073,186.071","-2,242,111.869","-2,964,808.289","-319,402.761","-990,827.842","-2,889,514.242","-1,379,490.196","-3,088,952.928","-8,012,873.883","3,838,737.266","-839,061.76","-4,280,154.513","-10,215,730.389","-3,163,965.897","-4,057,432.255","-6,434,384.818","-7,823,968.493","-2,610,250.566","-3,080,695.068","-2,359,704.479","-2,136,356.632","-1,197,603.197","1,076,850.385","-651,353.297"
TotalExpenses,"720,798,000","297,724,000","155,415,000","142,958,000","124,701,000","144,186,000","134,555,000","134,462,000","128,980,000","126,597,000","135,207,000","131,910,000","135,375,000","140,951,000","102,180,110.097","67,005,894.657","71,342,886.735","65,148,223.475","31,538,814.532","37,819,389.355","39,524,787.718","34,837,832.955","41,066,900.025","41,131,338.687","40,006,335.214","44,392,167.406","41,883,383.259","39,781,638.199","44,457,505.754","31,751,890.35","35,925,185.037","32,933,719.305","33,455,815.175","30,302,939.622","28,852,073.149","29,175,052.411","31,029,028.759","21,401,338.653","21,332,338.67","15,891,693.415","13,207,508.936","13,585,558.468","16,044,785.747","19,463,783.382","14,353,020.256","10,830,872.086","11,434,610.124","11,323,813.659","10,892,427.517","11,781,655.626","10,709,326.25","10,930,832.003","11,933,997.641","9,851,352.153","9,755,330.66","10,617,838.674","18,026,040.48","5,877,726.378","5,902,999.154","10,324,915.795","15,604,172.333","8,305,908.354","8,269,445.722","9,133,773.018","10,673,476.402","5,168,883.774","4,290,607.408","2,863,589.689","3,581,815.747","2,612,826.546","4,103,004.369","651,353.297"
NetIncomeFromContinuingAndDiscontinuedOperation,"652,812,000","202,878,000","169,135,000","176,604,000","104,195,000","110,146,000","106,535,000","55,885,000","61,486,000","53,807,000","40,980,000","43,780,000","34,552,000","13,133,000","3,284,410.154","18,831,717.056","10,638,593.888","9,644,541","1,581,644.359","3,250,776.374","6,548,515.066","3,336,815.729","2,396,685.359","4,566,787.665","-1,242,670.138","-3,782,766.501","-3,734,902.978","-1,707,104.037","6,452,283.637","-9,687,169.563","-783,156.631","412,257.936","1,202,717.294","9,490,179.649","9,318,607.037","23,249,475.891","5,214,137.897","4,195,958.105","8,412,721.737","3,222,235.191","3,685,287.061","-7,735,837.468","-9,564,738.547","1,502,818.262","1,624,334.305","-3,801,639.57","-3,994,964.557","-3,271,707.317","920,005.815","-1,887,459.282","-2,517,501.709","34,028.547","-1,470,795.825","-2,144,871.991","-1,218,341.355","-2,913,078.453","-2,285,481.723","2,019,897.687","-762,391.709","-4,416,459.287","-2,764,587.118","-5,107,117.449","-7,296,795.04","-6,787,810.598","-5,612,631.752","-4,332,867.17","-3,527,514.831","-2,852,559.282","-2,264,115.526","-1,315,495.429","876,561.046","-731,750.541"
NormalizedIncome,"642,512,447.035","178,853,635.325","189,687,014.118","167,082,969.302","108,063,213.4","111,726,524.598","106,026,352.018","59,746,848.344","58,836,429.613","50,234,210.744","81,316,060","30,536,221.896","35,264,262.516","13,410,830","3,284,410.154","18,831,717.056","10,638,593.888","9,644,541","1,581,644.359","3,250,776.374","6,548,515.066","3,336,815.729","2,396,685.359","4,566,787.665","-1,242,670.138","-3,782,766.501","-3,734,902.978","-1,707,104.037","6,452,283.637","-9,687,169.563","-783,156.631","412,257.936","1,202,717.294","9,490,179.649","9,318,607.037","23,249,475.891","5,214,137.897","4,195,958.105","8,412,721.737","3,222,235.191","3,685,287.061","-7,735,837.468","-9,564,738.547","1,502,818.262","1,624,334.305","-3,801,639.57","-3,994,964.557","-3,271,707.317","920,005.815","-1,887,459.282","-2,517,501.709","34,028.547","-1,470,795.825","-2,144,871.991","-1,218,341.355","-2,913,078.453","-2,285,481.723","2,019,897.687","-762,391.709","-4,416,459.287","-2,764,587.118","-5,107,117.449","-7,296,795.04","-6,787,810.598","-5,612,631.752","-4,332,867.17","-3,527,514.831","-2,852,559.282","-2,264,115.526","-1,315,495.429","876,561.046","-731,750.541"
InterestIncome,"8,099,000","2,596,000","1,948,000","2,198,000","1,357,000","1,438,000","3,139,000","914,000","943,000","718,000","514,000","404,000","621,000","572,000","-1,137,604.678","802,433.923","1,011,763.978","184,894.148","1,268,068.834","780,985.764","1,490,340.233","1,000,730.518","504,518.341","65,999.34","624,389.571","138,907.559","134,513.747","199,922.36","288,217.837","297,268.719","392,078.416","192,653.224","138,339.253","167,579.376","209,226.065",,"236,883.635","237,843.392","180,885.964","112,171.968","228,404.206","68,926.131","73,546.506","71,377.084",,,,,,,,,,,,,,,,,,,,,,,,,,,,
InterestExpense,"1,547,000","1,048,000","52,000","379,000","68,000","423,000","291,000","288,000","520,000","397,000","1,842,000","1,951,000","2,809,000","2,990,000","-85,797.49","2,881,156.113","3,997,588.462","4,274,136.39","3,590,822.18","4,684,377.21","3,275,920.859","3,216,633.806","3,278,029.789","3,337,549.958","3,973,711.406","2,632,970.381","3,484,001.45","3,376,358.696","4,370,254.392","3,001,616.025","2,401,480.296","142,743.062","95,131.865","47,879.822","47,277.043",,"24,672.014","3,548.13","2,791.474","2,363.583","37,026.034","2,705.739","2,351.689","3,952.441",,,,,,,,,,,,,,,,,,,,,,,,,,,,
NetInterestIncome,"6,026,000","1,499,000","1,480,000","1,797,000","1,250,000","980,000","2,336,000","497,000","146,000","270,000","-2,769,000","-1,657,000","-2,216,000","-2,452,000","-1,463,807.188","-2,078,722.191","-2,985,824.483","-4,089,242.242","-2,322,753.346","-3,903,391.446","-1,785,580.626","-2,215,903.289","-2,773,511.448","-3,271,550.618","-3,349,321.835","-2,494,062.822","-3,349,487.703","-3,176,436.335","-2,435,088.048","-3,302,874.928","-2,009,401.88","49,910.162","43,207.388","119,699.554","161,949.021","72,327.044","212,211.621","234,295.262","178,094.49","109,808.384","191,378.172","66,220.391","71,194.817","67,424.644",,,,,,,,,,,,,,,,,,,,,,,,,,,,
EBIT,"934,665,000","295,573,000","232,094,000","254,498,000","152,500,000","160,012,000","149,627,000","83,265,000","90,629,000","77,671,000","56,641,000","65,999,000","55,103,000","27,947,000","11,286,348.736","32,908,157.444","20,985,020.637","19,616,498.721","8,406,118.547","10,407,250.254","10,147,121.198","8,950,018.459","7,191,841.983","8,436,915.631","1,444,976.422","-2,881,211.632","-2,333,479.613","2,558,229.814","8,399,320.753","-2,651,477.366","1,575,315.063","-151,726.892","10,035,828.699","13,573,929.437","11,901,744.221","8,244,234.801","5,170,776.859","4,199,506.234","7,531,687.457","3,112,426.807","4,484,075.109","-7,802,057.86","-9,562,386.858","1,435,393.619","1,578,409.554","-3,895,711.332","-4,073,452.589","-3,565,720.976","2,146,335.286","-2,242,111.869","-2,964,808.289","-319,402.761","-905,029.702","-2,889,514.242","-1,379,490.196","-3,088,952.928","-7,447,817.059","3,838,737.266","-839,061.76","-4,280,154.513","-10,215,730.389","-3,163,965.897","-4,057,432.255","-6,434,384.818","-7,823,968.493","-2,610,250.566","-3,080,695.068","-2,359,704.479","-2,136,356.632","-1,197,603.197","1,076,850.385","-651,353.297"
EBITDA,"1,155,125,000"
ReconciledCostOfRevenue,"642,443,000","275,680,000","135,036,000","125,786,000","105,941,000","119,624,000","109,505,000","107,419,000","105,195,000","100,063,000","120,104,000","103,303,000","114,224,000","120,735,000","94,154,534.702","57,615,516.258","63,179,211.303","59,891,836.923","28,656,214.149","34,946,806.875","36,218,926.988","32,792,383.765","38,623,781.119","37,799,288.674","37,515,518.602","42,108,706.367","37,868,958.806","36,118,982.919","39,695,679.991","26,324,242.364","30,048,009.602","26,568,177.281","27,133,269.97","25,346,380.585","23,665,680.89","25,492,662.474","17,950,828.344","17,953,205.985","17,113,094.564","13,684,531.66","5,366,161.845","11,764,765.471","12,916,135.689","17,849,273.141","10,878,554.64","8,283,983.121","9,106,167.877","8,942,050.732",,"9,394,322.274","8,487,646.347","8,341,891.257",,"7,991,205.343","7,398,905.223","7,459,230.939","9,999,637.857","5,252,633.818","4,201,193.194","8,551,671.844","5,989,847.165","7,910,934.252","7,893,318.51","7,201,443.818","6,606,743.598","5,039,578.9","4,090,627.387","2,708,906.929","2,396,855.03","1,915,317.833","3,270,019.497",
ReconciledDepreciation,"220,460,000","92,839,000","52,865,000","41,692,000","33,064,000","41,300,000","37,318,000","35,968,000","32,484,000","27,948,000","45,621,000","31,686,000","35,889,000","35,459,000","24,478,435.824","12,089,750.903","11,545,239.531","11,330,929.709","6,221,797.323","6,888,202.195","7,375,188.164","6,731,758.662","7,667,785.834","7,572,507.608","6,554,179.097","5,695,209.93","6,238,455.751","6,045,225.155","6,790,777.325","4,857,980.614","4,251,189.028","3,669,395.089","4,445,302.942","3,389,511.338","3,233,453.699","2,976,939.203","3,120,744.686","1,988,905.054","1,821,880.39","1,377,242.486","783,394.126","1,156,766.301","865,165.561","1,282,180.112","1,269,227.588","760,219.596","677,843.465","874,255.61","1,054,130.042","799,024.341","1,079,713.161","918,339.75","1,047,376.287","590,791.097","776,627.754","723,820.552","1,814,385.621","625,092.56","545,420.173","463,073.905","554,104.207","464,369.232","496,209.327","351,763.247","235,136.937","276,708.647","225,085.524","159,133.376","219,509.483","119,508.437","110,955.4","97,994.836"
NetIncomeFromContinuingOperationNetMinorityInterest,"652,812,000","202,878,000","169,135,000","176,604,000","104,195,000","110,146,000","106,535,000","55,885,000","61,486,000","53,807,000","65,884,000","43,780,000","34,552,000","13,133,000","3,284,410.154","18,831,717.056","10,638,593.888","9,644,541","1,581,644.359","3,250,776.374","6,548,515.066","3,336,815.729","2,396,685.359","4,566,787.665","-1,242,670.138","-3,782,766.501","-3,734,902.978","-1,707,104.037","6,452,283.637","-9,687,169.563","-783,156.631","412,257.936","1,202,717.294","9,490,179.649","9,318,607.037","23,249,475.891","5,214,137.897","4,195,958.105","8,412,721.737","3,222,235.191","3,685,287.061","-7,735,837.468","-9,564,738.547","1,502,818.262","1,624,334.305","-3,801,639.57","-3,994,964.557","-3,271,707.317","920,005.815","-1,887,459.282","-2,517,501.709","34,028.547","-1,470,795.825","-2,144,871.991","-1,218,341.355","-2,913,078.453","-2,285,481.723","2,019,897.687","-762,391.709","-4,416,459.287","-2,764,587.118","-5,107,117.449","-7,296,795.04","-6,787,810.598","-5,612,631.752","-4,332,867.17","-3,527,514.831","-2,852,559.282","-2,264,115.526","-1,315,495.429","876,561.046","-731,750.541"
TotalUnusualItemsExcludingGoodwill,"14,722,000","34,877,000","-28,196,000","13,700,000","-5,659,000","-2,290,000","713,000","-5,734,000","3,883,000","5,131,000","-20,996,000","19,375,000","-1,078,000","-378,000",,,,,,,,,,,,,,,,,,,,,,,,,,,,,,,,,,,,,,,,,,,,,,,,,,,,,,,,,,
TotalUnusualItems,"14,722,000","34,877,000","-28,196,000","13,700,000","-5,659,000","-2,290,000","713,000","-5,734,000","3,883,000","5,131,000","-20,996,000","19,375,000","-1,078,000","-378,000",,,,,,,,,,,,,,,,,,,,,,,,,,,,,,,,,,,,,,,,,,,,,,,,,,,,,,,,,,
NormalizedEBITDA,"1,140,403,000","353,535,000","313,155,000","282,490,000","191,223,000","203,602,000","186,232,000","124,967,000","119,230,000","100,488,000","123,258,000","78,310,000","92,070,000","63,784,000","35,764,784.56","44,997,908.348","32,530,260.168","30,947,428.431","14,627,915.87","17,295,452.449","17,522,309.362","15,681,777.121","14,859,627.817","16,009,423.239","7,999,155.52","2,813,998.297","3,904,976.138","8,603,454.969","15,190,098.078","2,206,503.248","5,826,504.091","3,517,668.197","14,481,131.641","16,963,440.775","15,135,197.92","11,221,174.004","8,291,521.546","6,188,411.289","9,353,567.847","4,489,669.293","5,267,469.235","-6,645,291.559","-8,692,534.938","2,717,573.731","2,847,637.142","-3,092,512.467","-3,268,673.172","-2,691,465.366","3,200,465.328","-1,337,198.785","-1,885,095.128","598,936.989","142,346.585","-2,225,456.087","-602,862.442","-2,365,132.376","-5,633,431.438","4,463,829.826","-293,641.586","-3,817,080.608","-9,333,514.339","-2,615,174.589","-3,473,694.367","-5,922,652.386","-7,386,641.019","-2,184,650.566","-2,840,683.552","-2,196,120.487","-1,855,753.078","-1,042,928.871","1,225,527.192","-530,535.826"
TaxRateForCalcs,"0.3","0.311","0.271","0.305","0.316","0.31","0.287","0.327","0.318","0.304","0.265","0.316","0.339","0.265","0.265","0.373","0.374","0.371","0.265","0.265","0.047","0.265","0.388","0.104","0.25","0.314","0.358","0.25","0.25","0.25","0.052","0.25","0.25","0.298","0.214","0.255","0.255","0","0.28","0.28","0.28","0.28","0","0.29","0.29","0","0.295","0.295","0.295","0","0.38","0.38","0.024","0.204","0.4","0.4","0.4","0.4","0.4","0.4","0.4","0.4","0.4","0.4","0.4","0.4","0.4","0.4","0.4","0.4","0.4","0.4"
TaxEffectOfUnusualItems,"4,422,447.035","10,852,635.325","-7,643,985.882","4,178,969.302","-1,790,786.6","-709,475.402","204,352.018","-1,872,151.656","1,233,429.613","1,558,210.744","-5,563,940","6,131,221.896","-365,737.484","-100,170","0","0","0","0","0","0","0","0","0","0","0","0","0","0","0","0","0","0","0","0","0","0","0","0","0","0","0","0","0","0","0","0","0","0","0","0","0","0","0","0","0","0","0","0","0","0","0","0","0","0","0","0","0","0","0","0","0","0"