name,ttm,12/31/2019,09/30/2019,06/30/2019,03/31/2019,12/31/2018,09/30/2018,06/30/2018,03/31/2018,12/31/2017,09/30/2017,06/30/2017,03/31/2017,12/31/2016,09/30/2016,06/30/2016,03/31/2016,12/31/2015,09/30/2015,06/30/2015,03/31/2015,12/31/2014,09/30/2014,06/30/2014,03/31/2014,12/31/2013,09/30/2013,06/30/2013,03/31/2013,12/31/2012,09/30/2012,06/30/2012,03/31/2012,12/31/2011,09/30/2011,06/30/2011,03/31/2011,12/31/2010,09/30/2010,06/30/2010,03/31/2010,12/31/2009,09/30/2009,06/30/2009,03/31/2009,12/31/2008,09/30/2008,06/30/2008,03/31/2008,12/31/2007,09/30/2007,06/30/2007,03/31/2007,12/31/2006,09/30/2006,06/30/2006,03/31/2006,12/31/2005,09/30/2005,06/30/2005,03/31/2005,12/31/2004,09/30/2004,06/30/2004,03/31/2004,12/31/2003,09/30/2003,06/30/2003,03/31/2003,12/31/2002,09/30/2002,06/30/2002,03/31/2002,12/31/2001,09/30/2001,06/30/2001,03/31/2001,12/31/2000,09/30/2000,06/30/2000,03/31/2000,12/31/1999,09/30/1999,06/30/1999,03/31/1999,12/31/1998,09/30/1998,06/30/1998,03/31/1998,12/31/1997,09/30/1997,06/30/1997,03/31/1997,12/31/1996,09/30/1996,06/30/1996,03/31/1996,12/31/1995,09/30/1995,06/30/1995,03/31/1995,12/31/1994,09/30/1994,06/30/1994,03/31/1994,12/31/1993,09/30/1993,06/30/1993,03/31/1993,12/31/1992,09/30/1992,06/30/1992,03/31/1992,12/31/1991,09/30/1991,06/30/1991,03/31/1991,12/31/1990,09/30/1990,06/30/1990,03/31/1990,12/31/1989,09/30/1989,06/30/1989,03/31/1989,12/31/1988,09/30/1988,06/30/1988,03/31/1988,12/31/1987,09/30/1987,06/30/1987,03/31/1987,12/31/1986,09/30/1986,06/30/1986,03/31/1986,12/31/1985,09/30/1985
TotalRevenue,"1,133,503,000","391,294,000","325,130,000","205,869,000","211,210,000","211,481,000","222,022,000","221,962,000","212,055,000","211,072,000","212,918,000","201,183,000","194,909,000","191,245,000","190,428,000","186,915,000","178,077,000","183,275,000","189,224,000","183,726,000","181,330,000","194,033,000","198,867,000","191,286,000","181,674,000","184,297,000","184,059,000","184,846,000","176,193,000","172,868,000","180,923,000","176,797,000","177,638,000","173,261,000","182,313,000","167,792,000","159,865,000","142,083,000","137,669,000","135,991,000","128,320,000","131,726,000","118,922,000","102,335,000","98,507,000","116,229,000","159,506,000","158,188,000","147,718,000","142,393,000","140,715,000","137,598,000","124,891,000","115,527,000","116,425,000","118,683,000","109,816,000","107,079,000","105,751,000","107,042,000","104,161,000","104,214,000","99,667,000","98,683,000","98,131,000","93,689,000","89,713,000","83,453,000","73,337,000","71,869,000","73,268,000","69,457,000","59,927,000","58,272,000","63,514,000","65,073,000","64,215,000","69,258,000","66,043,000","67,267,000","65,002,000","65,800,000","67,800,000","64,000,000","60,900,000","63,500,000","66,000,000","65,400,000","62,200,000","64,000,000","58,700,000","60,300,000","58,500,000","59,300,000","62,100,000","60,300,000","58,500,000","56,200,000","58,500,000","59,800,000","54,700,000","52,100,000","50,100,000","47,300,000","45,500,000","46,900,000","48,400,000","51,300,000","48,400,000","47,700,000","54,100,000","55,900,000","54,900,000","45,900,000","48,800,000","49,500,000","47,000,000","50,900,000","51,800,000","50,800,000","48,000,000","46,100,000","46,100,000","45,300,000","44,200,000","42,900,000","42,400,000","41,300,000","42,000,000","39,900,000","36,000,000","36,600,000","35,200,000","32,200,000","31,500,000","32,000,000","32,300,000","32,500,000","30,400,000"
	OperatingRevenue,"1,133,503,000","391,294,000","325,130,000","205,869,000","211,210,000","211,481,000","222,022,000","221,962,000","212,055,000","211,072,000","212,918,000","201,183,000","194,909,000","191,245,000","190,428,000","186,915,000","178,077,000","183,275,000","189,224,000","183,726,000","181,330,000","194,033,000","198,867,000","191,286,000","181,674,000","184,297,000","184,059,000","184,846,000","176,193,000","172,868,000","180,923,000","176,797,000","177,638,000","173,261,000","182,313,000","167,792,000","159,865,000","142,083,000","137,669,000","135,991,000","128,320,000","131,726,000","118,922,000","102,335,000","98,507,000","116,229,000","159,506,000","158,188,000","147,718,000","142,393,000","140,715,000","137,598,000","124,891,000","115,527,000","116,425,000","118,683,000","109,816,000","107,079,000","105,751,000","107,042,000","104,161,000","104,214,000","99,667,000","98,683,000","98,131,000","93,689,000","89,713,000","83,453,000","73,337,000","71,869,000","73,268,000","69,457,000","59,927,000","58,272,000","63,514,000","65,073,000","64,215,000","69,258,000","66,043,000","67,267,000","65,002,000","65,800,000","67,800,000","64,000,000","60,900,000","63,500,000","66,000,000","65,400,000","62,200,000","64,000,000","58,700,000","60,300,000","58,500,000","59,300,000","62,100,000","60,300,000","58,500,000","56,200,000","58,500,000","59,800,000","54,700,000","52,100,000","50,100,000","47,300,000","45,500,000","46,900,000","48,400,000","51,300,000","48,400,000","47,700,000","54,100,000","55,900,000","54,900,000","45,900,000","48,800,000","49,500,000","47,000,000","50,900,000","51,800,000","50,800,000","48,000,000","46,100,000","46,100,000","45,300,000","44,200,000","42,900,000","42,400,000","41,300,000","42,000,000","39,900,000","36,000,000","36,600,000","35,200,000","32,200,000","31,500,000","32,000,000","32,300,000","32,500,000","30,400,000"
CostOfRevenue,"741,386,000","255,162,000","220,073,000","130,708,000","135,443,000","136,644,000","140,929,000","141,025,000","136,608,000","137,075,000","138,142,000","129,348,000","124,022,000","121,541,000","119,649,000","115,680,000","110,202,000","114,509,000","117,895,000","113,109,000","115,002,000","124,457,000","128,567,000","123,070,000","116,560,000","119,134,000","118,069,000","117,532,000","113,585,000","113,714,000","121,797,000","116,161,000","117,843,000","116,597,000","122,827,000","114,026,000","107,131,000","94,193,000","88,641,000","87,460,000","80,980,000","84,111,000","74,450,000","66,298,000","69,793,000","88,114,000","112,981,000","113,402,000","104,083,000","98,783,000","97,547,000","94,986,000","86,345,000","78,251,000","79,650,000","82,618,000","77,331,000","74,778,000","71,874,000","74,333,000","73,234,000","70,027,000","67,976,000","66,139,000","65,676,000","60,413,000","58,928,000","54,506,000","44,971,000","43,010,000","43,869,000","40,495,000","35,570,000","35,293,000","38,371,000","37,988,000","38,393,000","40,381,000","36,184,000","36,436,000","35,534,000","36,900,000","34,100,000","32,900,000","30,600,000","32,800,000","34,500,000","34,400,000","32,600,000","33,200,000","30,500,000","32,500,000","31,500,000","31,900,000","33,500,000","32,100,000","31,900,000","30,500,000","32,400,000","32,900,000","30,600,000","23,000,000","28,200,000","26,700,000","25,400,000","19,100,000","28,000,000","29,900,000","27,800,000","19,500,000","30,500,000","31,100,000","30,400,000","20,400,000","27,600,000","27,700,000","26,800,000","23,100,000","28,900,000","27,900,000","27,000,000","21,400,000","26,300,000","25,600,000",,,,,,,,,,,,,,,
GrossProfit,"392,117,000","136,132,000","105,057,000","75,161,000","75,767,000","74,837,000","81,093,000","80,937,000","75,447,000","73,997,000","74,776,000","71,835,000","70,887,000","69,704,000","70,779,000","71,235,000","67,875,000","68,766,000","71,329,000","70,617,000","66,328,000","69,576,000","70,300,000","68,216,000","65,114,000","65,163,000","65,990,000","67,314,000","62,608,000","59,154,000","59,126,000","60,636,000","59,795,000","56,664,000","59,486,000","53,766,000","52,734,000","47,890,000","49,028,000","48,531,000","47,340,000","47,615,000","44,472,000","36,037,000","28,714,000","28,115,000","46,525,000","44,786,000","43,635,000","43,610,000","43,168,000","42,612,000","38,546,000","37,276,000","36,775,000","36,065,000","32,485,000","32,301,000","33,877,000","32,709,000","30,927,000","34,187,000","31,691,000","32,544,000","32,455,000","33,276,000","30,785,000","28,947,000","28,366,000","28,859,000","29,399,000","28,962,000","24,357,000","22,979,000","25,143,000","27,085,000","25,822,000","28,877,000","29,859,000","30,831,000","29,468,000","28,900,000","33,700,000","31,100,000","30,300,000","30,700,000","31,500,000","31,000,000","29,600,000","30,800,000","28,200,000","27,800,000","27,000,000","27,400,000","28,600,000","28,200,000","26,600,000","25,700,000","26,100,000","26,900,000","24,100,000","29,100,000","21,900,000","20,600,000","20,100,000","27,800,000","20,400,000","21,400,000","20,600,000","28,200,000","23,600,000","24,800,000","24,500,000","25,500,000","21,200,000","21,800,000","20,200,000","27,800,000","22,900,000","22,900,000","21,000,000","24,700,000","19,800,000","19,700,000",,,,,,,,,,,,,,,
OperatingExpense,"286,633,000","102,036,000","81,325,000","50,921,000","52,351,000","51,084,000","53,838,000","54,652,000","50,583,000","50,768,000","51,629,000","52,030,000","48,620,000","49,758,000","49,440,000","49,142,000","48,641,000","48,753,000","52,601,000","49,172,000","48,464,000","53,091,000","49,747,000","47,271,000","45,741,000","49,931,000","47,183,000","47,521,000","45,197,000","45,478,000","43,263,000","43,653,000","43,093,000","45,297,000","41,982,000","38,825,000","38,634,000","36,274,000","39,597,000","35,118,000","33,669,000","35,625,000","35,896,000","30,243,000","26,697,000","26,762,000","39,903,000","39,033,000","34,504,000","35,499,000","39,902,000","35,409,000","31,919,000","32,333,000","31,485,000","29,789,000","27,362,000","29,066,000","29,937,000","29,120,000","28,217,000","30,480,000","29,249,000","27,209,000","26,598,000","26,835,000","24,459,000","23,223,000","22,685,000","21,604,000","22,697,000","23,279,000","20,024,000","27,924,000","19,065,000","20,126,000","19,723,000","23,372,000","23,461,000","23,811,000","23,216,000","21,200,000","25,700,000","24,700,000","25,300,000","24,800,000","25,600,000","25,100,000","24,700,000","25,400,000","23,200,000","23,700,000","23,200,000","25,000,000","23,900,000","23,500,000","23,200,000","24,100,000","22,000,000","22,400,000","20,600,000","26,400,000","18,100,000","17,400,000","16,400,000","25,500,000","19,700,000","19,200,000","17,300,000","26,300,000","19,300,000","20,300,000","19,400,000","23,900,000","17,800,000","17,600,000","16,900,000","24,100,000","18,000,000","18,000,000","16,500,000","21,300,000","16,400,000","15,500,000",,,,,,,,,,,,,,,
	SellingGeneralAndAdministration,"286,633,000","102,036,000","81,325,000","50,921,000","52,351,000","51,084,000","53,838,000","54,652,000","50,583,000","50,768,000","51,629,000","52,030,000","48,620,000","49,758,000","49,440,000","49,142,000","48,641,000","48,753,000","52,601,000","49,172,000","48,464,000","53,091,000","49,747,000","47,271,000","45,741,000","49,931,000","47,183,000","47,521,000","45,197,000","45,478,000","43,263,000","43,653,000","43,093,000","45,297,000","41,982,000","38,825,000","38,634,000","32,142,000","39,597,000","35,118,000","33,669,000","35,625,000","35,896,000","30,243,000","26,697,000","30,267,000","38,278,000","37,153,000","34,504,000","38,799,000","36,602,000","35,409,000","31,919,000","32,333,000","31,485,000","29,789,000","27,362,000","29,066,000","29,937,000","29,120,000","28,217,000","30,480,000","29,249,000","27,209,000","26,598,000","26,835,000","24,459,000","23,223,000","22,685,000","21,604,000","22,697,000","23,279,000","20,024,000","21,570,000","19,065,000","20,126,000","19,723,000","21,290,000","21,731,000","22,208,000","21,636,000","19,000,000","24,100,000","23,100,000","23,700,000","23,200,000","23,700,000","23,400,000","22,800,000","23,200,000","21,300,000","22,200,000","21,500,000","22,600,000","21,800,000","21,400,000","21,100,000","21,400,000","20,000,000","20,200,000","18,500,000","19,100,000","18,100,000","17,400,000","16,400,000","17,900,000","19,700,000","19,200,000","17,300,000","18,500,000","19,300,000","20,300,000","19,400,000","17,200,000","17,800,000","17,600,000","16,900,000","18,200,000","18,000,000","18,000,000","16,500,000","16,500,000","16,400,000","15,500,000",,,,,,,,,,,,,,,
		GeneralAndAdministrativeExpense,"286,633,000","102,036,000","81,325,000","50,921,000","52,351,000","51,084,000","53,838,000","54,652,000","50,583,000","50,768,000","51,629,000","52,030,000","48,620,000","49,758,000","49,440,000","49,142,000","48,641,000","48,753,000","52,601,000","49,172,000","48,464,000","53,091,000","49,747,000","47,271,000","45,741,000","49,931,000","47,183,000","47,521,000","45,197,000",,,,,,,,,,,,,,,,,,,,,,,,,,,,,,,,,,,,,,,,,,,,,,,,,,,,,,,,,,,,,,,,,,,,,,,,,,,,,,,,,,,,,,,,,,,,,,,,,,,,,,,,,,,,,,
			SalariesAndWages,"2,805,000","501,000","513,000","895,000","896,000","572,000","568,000","569,000","576,000","695,000","537,000","2,436,000","566,000",,,,,,,,,,,,,,,,,,,,,,,,,,,,,,,,,,,,,,,,,,,,,,,,,,,,,,,,,,,,,,,,,,,,,,,,,,,,,,,,,,,,,,,,,,,,,,,,,,,,,,,,,,,,,,,,,,,,,,,,,,,,,,
			OtherGandA,"283,828,000","101,535,000","80,812,000","50,026,000","51,455,000","50,512,000","53,270,000","54,083,000","50,007,000","50,073,000","51,092,000","49,594,000","48,054,000","49,758,000","49,440,000","49,142,000","48,641,000","48,753,000","52,601,000","49,172,000","48,464,000","53,091,000","49,747,000","47,271,000","45,741,000","49,931,000","47,183,000","47,521,000","45,197,000",,,,,,,,,,,,,,,,,,,,,,,,,,,,,,,,,,,,,,,,,,,,,,,,,,,,,,,,,,,,,,,,,,,,,,,,,,,,,,,,,,,,,,,,,,,,,,,,,,,,,,,,,,,,,,
	DepreciationAmortizationDepletionIncomeStatement,,,,,,,,,,,,,,,,,,,,,,,,,,,,,,,,,,,,,,,,,,,,,,,,,,,,,,,,,,,,,,,,,,,,,,,,,,,,,,"2,082,000","1,730,000","1,603,000","1,580,000","2,200,000","1,600,000","1,600,000","1,600,000","1,600,000","1,900,000","1,700,000","1,900,000","2,200,000","1,900,000","1,500,000","1,700,000","2,400,000","2,100,000","2,100,000","2,100,000","2,700,000","2,000,000","2,200,000","2,100,000",,,,,,,,,,,,,,,,,,,,,,,,,,,,,,,,,,,,,,
		DepreciationAndAmortizationInIncomeStatement,,,,,,,,,,,,,,,,,,,,,,,,,,,,,,,,,,,,,,,,,,,,,,,,,,,,,,,,,,,,,,,,,,,,,,,,,,,,,,"2,082,000","1,730,000","1,603,000","1,580,000","2,200,000","1,600,000","1,600,000","1,600,000","1,600,000","1,900,000","1,700,000","1,900,000","2,200,000","1,900,000","1,500,000","1,700,000","2,400,000","2,100,000","2,100,000","2,100,000","2,700,000","2,000,000","2,200,000","2,100,000",,,,,,,,,,,,,,,,,,,,,,,,,,,,,,,,,,,,,,
	OtherOperatingExpenses,,,,,,,,,,,,,,,,,,,,,,,,,,,,,,,,,,,,,,,,,,,,,,,"1,625,000","1,880,000",,,"3,300,000",,,,,,,,,,,,,,,,,,,,,,,,,,,,,,,,,,,,,,,,,,,,,,,,,,,,,,,,,,,,,,,,,,,,,,,,,,,,,,,,,,,,,,,,
OperatingIncome,"105,484,000","34,096,000","23,732,000","24,240,000","23,416,000","23,753,000","27,255,000","26,285,000","24,864,000","23,229,000","23,147,000","19,805,000","22,267,000","19,946,000","21,339,000","22,093,000","19,234,000","20,013,000","18,728,000","21,445,000","17,864,000","16,485,000","20,553,000","20,945,000","19,373,000","15,232,000","18,807,000","19,793,000","17,411,000","13,676,000","15,863,000","16,983,000","16,702,000","11,367,000","17,504,000","14,941,000","14,100,000","11,616,000","9,431,000","13,413,000","13,671,000","11,990,000","8,576,000","5,794,000","2,017,000","1,353,000","6,622,000","5,753,000","9,131,000","8,111,000","3,266,000","7,203,000","6,627,000","4,943,000","5,290,000","6,276,000","5,123,000","3,235,000","3,940,000","3,589,000","2,710,000","3,707,000","2,442,000","5,335,000","5,857,000","6,441,000","6,326,000","5,724,000","5,681,000","7,255,000","6,702,000","5,683,000","4,333,000","-4,945,000","6,078,000","6,959,000","6,099,000","5,505,000","6,398,000","7,020,000","6,252,000","7,700,000","8,000,000","6,400,000","5,000,000","5,900,000","5,900,000","5,900,000","4,900,000","5,400,000","5,000,000","4,100,000","3,800,000","2,400,000","4,700,000","4,700,000","3,400,000","1,600,000","4,100,000","4,500,000","3,500,000","2,700,000","3,800,000","3,200,000","3,700,000","2,300,000","700,000","2,200,000","3,300,000","1,900,000","4,300,000","4,500,000","5,100,000","1,600,000","3,400,000","4,200,000","3,300,000","3,700,000","4,900,000","4,900,000","4,500,000","3,400,000","3,400,000","4,200,000","44,200,000","-109,900,000","42,400,000","41,300,000","42,000,000","-93,700,000","36,000,000","36,600,000","35,200,000","-84,900,000","31,500,000","32,000,000","32,300,000","-80,400,000","30,400,000"
NetNonOperatingInterestIncomeExpense,"-16,976,000","-9,365,000","-6,102,000","-733,000","-776,000","-818,000","-989,000","-1,031,000","-1,203,000","-954,000","-31,000","-240,000","-133,000","-70,000","-207,000","-182,000","-393,000","-187,000","-275,000","-232,000","-267,000","-73,000","1,000","314,000","-72,000","-378,000","-450,000","-533,000","-575,000","-741,000","-885,000","-1,014,000","-1,051,000","-806,000","-904,000","-929,000","-946,000","-822,000","-1,032,000","-1,043,000","-1,127,000","-1,220,000","-1,178,000","-1,318,000","-1,089,000",,,,,,,,,,,,,,,,,,,,,,,,,,,,,,,,,,,,,,,,,,,,,,,,,,,,,,,,,,,,,,,,,,,,,,,,,,,,,,,,,,,,,,,,,,,,,,
	InterestIncomeNonOperating,,,,"550,000","438,000","536,000","521,000","571,000","489,000","709,000","762,000","540,000","523,000","593,000","551,000","545,000","348,000","507,000","422,000","375,000","320,000","551,000","642,000","895,000","453,000","321,000","267,000","229,000","169,000","183,000","149,000","137,000","123,000","276,000","262,000","271,000","272,000","361,000","313,000","343,000","184,000","177,000","178,000","220,000","153,000",,,,,,,,,,,,,,,,,,,,,,,,,,,,,,,,,,,,,,,,,,,,,,,,,,,,,,,,,,,,,,,,,,,,,,,,,,,,,,,,,,,,,,,,,,,,,,
	InterestExpenseNonOperating,"16,976,000","9,365,000","6,102,000","1,283,000","1,214,000","1,354,000","1,510,000","1,602,000","1,692,000","1,663,000","793,000","780,000","656,000","663,000","758,000","727,000","741,000","694,000","697,000","607,000","587,000","624,000","641,000","581,000","525,000","699,000","717,000","762,000","744,000","924,000","1,034,000","1,151,000","1,174,000","1,082,000","1,166,000","1,200,000","1,218,000","1,183,000","1,345,000","1,386,000","1,311,000","1,397,000","1,356,000","1,538,000","1,242,000",,,,,,,,,,,,,,,,,,,,,,,,,,,,,,,,,,,,,,,,,,,,,,,,,,,,,,,,,,,,,,,,,,,,,,,,,,,,,,,,,,,,,,,,,,,,,,
	TotalOtherFinanceCost,"16,976,000",,,,,,,,,,,,,,,,,,,,,,,,,,,,,,,,,,"904,000",,"946,000",,,"1,043,000",,,,"1,318,000",,,,,,,,,,,,,,,,,,,,,,,,,,,,,,,,,,,,,,,,,,,,,,,,,,,,,,,,,,,,,,,,,,,,,,,,,,,,,,,,,,,,,,,,,,,,,,,
OtherIncomeExpense,"-59,604,000","-13,685,000","-38,031,000","-3,666,000","-4,222,000","-3,696,000","-2,859,000","-3,461,000","-5,002,000","-5,446,000","-8,889,000","-3,473,000","-8,614,000","758,000","514,000","271,000","706,000","-6,762,000","185,000","-88,000","-194,000","209,000","914,000","117,000","-473,000","1,557,000","-685,000","2,301,000","346,000","2,886,000","322,000","-134,000","341,000","980,000","2,740,000","791,000","539,000","540,000","-320,000","1,123,000",,"382,000","217,000","356,000","-835,000","-170,000","-1,530,000","-6,000","273,000","4,486,000","-2,752,000","1,175,000","452,000","522,000","757,000","512,000","241,000","-8,633,000","561,000","801,000","3,689,000","470,000","686,000","394,000","708,000","651,000","510,000","616,000","174,000","-78,000","1,072,000","173,000","263,000","-2,857,000","-3,450,000","595,000","1,060,000","571,000","1,249,000","1,015,000","996,000","1,100,000","700,000","800,000","600,000","-4,900,000","900,000","700,000","700,000","-1,300,000","800,000","3,600,000","700,000","-7,700,000","-12,800,000","200,000","100,000","-100,000","100,000","200,000","200,000","1,800,000","400,000","900,000","100,000","-7,300,000","600,000","-2,500,000","1,100,000","1,000,000","900,000","800,000","1,000,000","900,000","1,300,000","1,200,000","1,500,000","1,700,000","1,000,000","1,200,000","1,400,000","1,500,000","1,300,000","1,000,000",,,,,,,,,,,,,,,
	GainOnSaleOfSecurity,"223,000","228,000","376,000","-144,000","-237,000","200,000","-285,000","-493,000","-229,000","311,000","545,000","249,000","-214,000","-291,000","149,000","2,000","312,000","-206,000","-79,000","-305,000","-594,000","-215,000","160,000","-185,000","-799,000",,,,,,,,,,,,,,,,,,,,,,,,,,,,,,,,,,,,,,,,,,,,,,,,,,,,,,,,,,,,,,,,,,,,,,,,,,,,,,,,,,,,,,,,,,,,,,,,,,,,,,,,,,,,,,,,,,
	EarningsFromEquityInterest,,,,,,,,,,,,,,,,,,,,,,,,,,,,,,,,,,,,,,,,,,,,,,"-102,000","191,000","187,000","112,000","226,000","166,000","266,000","125,000","317,000","218,000","125,000","113,000","204,000","208,000","153,000","53,000","291,000","264,000","186,000","149,000","774,000","215,000","169,000","86,000","-19,000","130,000","201,000","-17,000",,"244,000","216,000","280,000",,,,,,,,,,,,,,,,,,,,,,,,,,,,,,,,,,,,,,,,,,,,,,,,,,,,,,,,,,,,,,
	SpecialIncomeCharges,"-62,037,000","-14,314,000","-38,675,000","-4,574,000","-4,474,000","-4,190,000","-2,823,000","-3,744,000","-5,157,000","-6,379,000","-9,653,000","-4,325,000","-9,060,000","482,000","3,000","-1,000","5,000","-6,860,000","21,000","3,000","52,000","-2,000","25,000","60,000",,,,,,"-529,000","322,000","-134,000","341,000","980,000","2,740,000","791,000","539,000","540,000","-320,000","1,123,000","0","382,000","217,000","356,000","-835,000","-68,000","-1,721,000","-193,000","161,000","4,260,000","-2,918,000","909,000","327,000","205,000","539,000","387,000","128,000","-8,837,000","353,000","648,000","3,636,000","179,000","422,000","208,000","559,000","-123,000","295,000","447,000","88,000","-59,000","942,000","-28,000","280,000","-2,117,000","-3,694,000","379,000","780,000","571,000","1,249,000","1,015,000","996,000","1,100,000","700,000","800,000","600,000","-4,900,000","900,000","700,000","700,000","-1,300,000","800,000","3,600,000","700,000","-7,700,000","-12,800,000","200,000","100,000","-100,000","100,000","200,000","200,000","1,800,000","400,000","900,000","100,000","-7,300,000","600,000","-2,500,000","1,100,000","1,000,000","900,000","800,000","1,000,000","900,000","1,300,000","1,200,000","1,500,000","1,700,000","1,000,000","1,200,000","1,400,000","1,500,000","1,300,000","1,000,000",,,,,,,,,,,,,,,
		RestructuringAndMergernAcquisition,"62,155,000","14,321,000","38,747,000","4,604,000","4,483,000","4,257,000","2,904,000","4,291,000","5,209,000","6,850,000","9,675,000","4,338,000","9,075,000","-439,000",,,,"6,790,000",,,,"0","0","0",,,,,,,,,,,,,,"0","0","0","0","0","0","0","2,289,000",,,,,,,,,,,,,"9,088,000",,,"1,232,000",,,,,,,,,,,,,,"3,225,000",,,,,,,,,,,,,,,,,,,,,,,,,,,,,,,,,,,,,,,,,,,,,,,,,,,,,,,,,,,,,,,,
		OtherSpecialCharges,"-60,000",,,,,,,,,,,,,,,,,,,,,,,,,,,,,,,,,,,,,"-540,000","320,000","-1,123,000",,"-382,000","-217,000","-356,000","-1,454,000",,,,,,,,,,,,,"-251,000",,,"-4,868,000",,,,,,,,,,,,,,"469,000",,,,,,,,,,,,,,,,,,,,,,,,,,,,,,,,,,,,,,,,,,,,,,,,,,,,,,,,,,,,,,,,
		GainOnSaleOfPPE,"58,000","-53,000","72,000","30,000","9,000","-23,000","81,000","547,000","52,000","-129,000","22,000","13,000","15,000","43,000","3,000","-1,000","5,000","-70,000","21,000","3,000","52,000","-2,000","25,000","60,000",,,,,,,,,,,,,,,,,,,,,,,,,,,,,,,,,,,,,,,,,,,,,,,,,,,,,,,,,,,,,,,,,,,,,,,,,,,,,,,,,,,,,,,,,,,,,,,,,,,,,,,,,,,,,,,,,,,
	OtherNonOperatingIncomeExpenses,"2,210,000","401,000","268,000","1,052,000","489,000","294,000","249,000","776,000","384,000","622,000","219,000","603,000","660,000","567,000","362,000","270,000","389,000","304,000","243,000","214,000","348,000","426,000","729,000","242,000","326,000","2,347,000","-685,000","2,301,000","346,000",,,,,,,,,,,,,,,,,,,,,,,,,,,,,,,,,,,,,,,,,,,,,,,,,,,,,,,,,,,,,,,,,,,,,,,,,,,,,,,,,,,,,,,,,,,,,,,,,,,,,,,,,,,,,,
PretaxIncome,"28,904,000","11,046,000","-20,401,000","19,841,000","18,418,000","19,239,000","23,407,000","21,793,000","18,659,000","16,829,000","14,227,000","16,092,000","13,520,000","20,634,000","21,646,000","22,182,000","19,547,000","13,064,000","18,638,000","21,125,000","17,403,000","16,621,000","21,468,000","21,376,000","18,828,000","16,411,000","17,672,000","21,561,000","17,182,000","15,821,000","15,300,000","15,835,000","15,992,000","11,541,000","19,340,000","14,803,000","13,693,000","11,334,000","8,079,000","13,493,000","13,307,000","11,152,000","7,615,000","4,832,000","93,000","-3,424,000","5,482,000","6,461,000","8,110,000","8,242,000","2,278,000","6,611,000","5,604,000","4,132,000","4,611,000","5,411,000","4,286,000","-6,417,000","3,623,000","3,497,000","5,912,000","3,600,000","2,562,000","5,194,000","6,101,000","6,171,000","6,381,000","5,936,000","5,630,000","4,914,000","7,175,000","5,543,000","4,447,000","-1,452,000","2,179,000","7,045,000","6,658,000","5,137,000","6,855,000","6,937,000","6,445,000","7,900,000","7,400,000","6,400,000","4,900,000","900,000","5,900,000","5,800,000","4,900,000","3,700,000","5,400,000","7,400,000","4,100,000","-5,700,000","-8,600,000","4,300,000","2,900,000","700,000","3,500,000","4,200,000","3,200,000","4,200,000","3,900,000","3,600,000","3,600,000","-6,700,000","1,300,000","-300,000","4,200,000","2,800,000","5,100,000","5,200,000","5,900,000","2,400,000","4,600,000","5,300,000","4,600,000","5,200,000","5,700,000","6,000,000","5,700,000","4,600,000","4,600,000","5,100,000",,,,,,,,,,,,,,,
TaxProvision,"2,084,000","-2,012,000","-5,633,000","4,800,000","4,929,000","11,496,000","4,330,000","3,668,000","5,556,000","27,424,000","3,140,000","4,224,000","6,865,000","3,562,000","6,121,000","7,238,000","6,305,000","2,161,000","4,541,000","5,724,000","5,359,000","4,731,000","5,724,000","6,538,000","6,546,000","3,556,000","5,972,000","6,828,000","4,133,000","2,883,000","4,373,000","4,874,000","3,445,000","1,295,000","5,640,000","4,499,000","2,822,000","3,631,000","1,661,000","4,143,000","3,181,000","3,002,000","2,747,000","1,567,000","-251,000","-871,000","967,000","2,116,000","2,765,000","3,592,000","-1,066,000","2,298,000","1,844,000","1,166,000","1,378,000","2,127,000","1,553,000","-899,000","1,178,000","1,136,000","1,921,000","1,134,000","807,000","1,636,000","1,922,000","2,104,000","1,683,000","1,843,000","1,858,000","2,289,000","2,296,000","1,774,000","1,423,000","-450,000","675,000","2,184,000","2,064,000","1,699,000","2,172,000","2,266,000","2,074,000","3,300,000","3,100,000","2,600,000","1,900,000","100,000","2,300,000","2,300,000","2,000,000","1,600,000","2,100,000","2,700,000","1,500,000","300,000","-2,700,000","1,700,000","1,200,000","500,000","1,400,000","1,700,000","1,300,000","1,600,000","1,500,000","1,400,000","1,400,000","-1,900,000","600,000","100,000","1,500,000","900,000","1,900,000","1,900,000","2,200,000","700,000","1,800,000","2,100,000","1,500,000","2,000,000","2,200,000","2,200,000","2,100,000","1,500,000","1,500,000","1,800,000",,,,,,,,,,,,,,,
EarningsFromEquityInterestNetOfTax,"5,064,000","2,258,000","1,787,000","608,000","411,000","140,000","694,000","1,245,000","-316,000","1,236,000","617,000","473,000","959,000","867,000","826,000","461,000","102,000","949,000","738,000","11,000","-1,437,000","1,037,000","375,000","1,104,000","1,027,000","1,825,000","1,605,000","1,942,000","1,142,000","2,255,000","257,000","209,000","146,000","64,000","105,000","251,000","359,000","-240,000","439,000","384,000","-89,000","223,000","555,000","227,000",,,,,,,,,,,,,,,,,,,,,,,,,,,,,,,,,,,,,,,,,,,,,,,,,,,,,,,,,,,,,,,,,,,,,,,,,,,,,,,,,,,,,,,,,,,,,,,
NetIncomeCommonStockholders,"31,532,000","15,190,000","-13,007,000","15,557,000","13,798,000","7,778,000","19,613,000","19,163,000","12,670,000","-9,677,000","11,066,000","11,824,000","6,937,000","17,292,000","15,878,000","14,885,000","12,833,000","11,301,000","14,250,000","14,907,000","10,282,000","12,521,000","15,556,000","15,293,000","12,618,000","13,963,000","12,442,000","15,944,000","13,508,000","13,907,000","10,486,000","10,540,000","11,946,000","9,770,000","13,358,000","9,841,000","10,600,000","6,895,000","6,340,000","9,153,000","9,419,000","7,932,000","5,052,000","3,234,000","2,000","-2,722,000","4,440,000","4,321,000","5,093,000","4,623,000","3,160,000","4,151,000","3,537,000","2,994,000","3,139,000","2,992,000","2,542,000","-5,445,000","2,212,000","1,795,000","3,126,000","1,664,000","1,154,000","2,847,000","3,309,000","4,115,000","4,136,000","3,475,000","3,107,000","4,414,000","4,289,000","3,236,000","2,358,000","-1,578,000","1,116,000","4,114,000","4,013,000","3,438,000","4,683,000","4,671,000","4,371,000","4,600,000","4,300,000","3,800,000","3,000,000","800,000","3,600,000","3,500,000","2,900,000","2,100,000","3,300,000","4,700,000","2,600,000","-6,000,000","-5,900,000","2,600,000","1,700,000","200,000","2,100,000","2,500,000","1,900,000","2,600,000","2,400,000","2,200,000","2,200,000","-4,800,000","700,000","-400,000","2,700,000","1,900,000","3,200,000","3,300,000","3,700,000","1,700,000","2,800,000","3,200,000","3,100,000","3,200,000","3,500,000","3,800,000","3,600,000","3,100,000","3,100,000","3,300,000",,,,,,,,,,,,,,,
	NetIncome,"31,622,000","15,240,000","-13,053,000","15,591,000","13,844,000","7,805,000","19,690,000","19,246,000","12,732,000","-9,762,000","11,142,000","11,906,000","6,992,000","17,434,000","16,008,000","15,015,000","12,946,000","11,393,000","14,371,000","15,038,000","10,378,000","12,639,000","15,696,000","15,427,000","12,730,000","14,086,000","12,551,000","16,083,000","13,619,000","14,433,000","10,486,000","10,540,000","11,946,000","9,770,000","13,358,000","9,841,000","10,600,000","6,895,000","6,340,000","9,153,000","9,419,000","7,932,000","5,052,000","3,234,000","2,000","-2,722,000","4,440,000","4,321,000","5,093,000","4,623,000","3,160,000","4,151,000","3,537,000","2,994,000","3,139,000","2,992,000","2,542,000","-5,445,000","2,212,000","1,795,000","3,126,000","1,664,000","1,154,000","2,847,000","3,309,000","4,115,000","4,136,000","3,475,000","3,107,000","4,414,000","4,289,000","3,236,000","2,358,000","-1,578,000","1,116,000","4,114,000","4,013,000","3,438,000","4,683,000","4,671,000","4,371,000","4,600,000","4,300,000","3,800,000","3,000,000","800,000","3,600,000","3,500,000","2,900,000","2,100,000","3,300,000","4,700,000","2,600,000","-6,000,000","-5,900,000","2,600,000","1,700,000","200,000","2,100,000","2,500,000","1,900,000","2,600,000","2,400,000","2,200,000","2,200,000","-4,800,000","700,000","-400,000","2,700,000","1,900,000","3,200,000","3,300,000","3,700,000","1,700,000","2,800,000","3,200,000","3,100,000","3,200,000","3,500,000","3,800,000","3,600,000","3,100,000","3,100,000","3,300,000",,,,,,,,,,,,,,,
		NetIncomeIncludingNoncontrollingInterests,"31,884,000","15,316,000","-12,981,000","15,649,000","13,900,000","7,883,000","19,771,000","19,370,000","12,787,000","-9,359,000","11,704,000","12,341,000","7,614,000","17,939,000","16,351,000","15,405,000","13,344,000","11,852,000","14,835,000","15,412,000","10,607,000","12,927,000","16,119,000","15,942,000","13,309,000","14,680,000","13,305,000","16,675,000","14,191,000","15,193,000","11,184,000","11,170,000","12,693,000","10,310,000","13,805,000","10,555,000","11,230,000","7,463,000","6,857,000","9,734,000","10,037,000","8,373,000","5,423,000","3,492,000","202,000","-2,655,000","4,706,000","4,532,000","5,457,000","4,876,000","3,510,000","4,579,000","3,885,000","3,283,000","3,451,000","3,409,000","2,846,000","-5,314,000","2,653,000","2,514,000","4,044,000","2,757,000","2,019,000","3,744,000","4,328,000","4,841,000","4,913,000","4,262,000","3,858,000","4,845,000","5,009,000","3,970,000","3,007,000","-1,129,000","1,748,000","5,077,000","4,874,000","4,169,000","5,199,000","5,447,000","4,884,000","5,100,000","5,000,000","4,100,000","3,100,000","500,000","3,800,000","3,700,000","3,200,000","2,300,000","3,400,000","4,800,000","2,600,000","-6,000,000","-5,900,000","2,700,000","1,800,000","400,000","2,100,000","2,600,000","2,000,000","2,700,000","2,500,000","2,300,000","2,300,000","-4,800,000","800,000","-300,000","2,800,000","2,000,000","3,300,000","3,400,000","3,800,000","1,800,000","2,900,000","3,300,000","3,200,000","3,300,000","3,600,000","3,900,000","3,700,000","3,200,000","3,200,000","3,400,000","3,300,000","2,800,000","3,100,000","2,800,000","3,000,000","2,500,000","2,500,000","2,700,000","2,600,000","2,100,000","2,100,000","2,000,000","2,300,000","2,200,000","1,600,000"
			NetIncomeContinuousOperations,"31,884,000","15,316,000","-12,981,000","15,649,000","13,900,000","7,883,000","19,771,000","19,370,000","12,787,000","-9,359,000","11,704,000","12,341,000","7,614,000","17,939,000","16,351,000","15,405,000","13,344,000","11,852,000","14,835,000","15,412,000","10,607,000","12,927,000","16,119,000","15,942,000","13,309,000","14,680,000","13,305,000","16,675,000","14,191,000","15,193,000","11,184,000","11,170,000","12,693,000","10,310,000","13,805,000","10,555,000","11,230,000","7,463,000","6,857,000","9,734,000","10,037,000","8,373,000","5,423,000","3,492,000","202,000","-2,722,000","4,440,000","4,321,000","5,093,000","4,623,000","3,160,000","4,151,000","3,537,000","2,994,000","3,139,000","2,992,000","2,542,000","-5,445,000","2,212,000","1,795,000","3,126,000","1,664,000","1,154,000","2,847,000","3,309,000","4,115,000","4,136,000","3,475,000","3,107,000","4,414,000","4,289,000","3,236,000","2,358,000","-1,578,000","1,116,000","4,114,000","4,013,000","3,438,000","4,683,000","4,671,000","4,371,000","4,600,000","4,300,000","3,800,000","3,000,000","800,000","3,600,000","3,500,000","2,900,000","2,100,000","3,300,000","4,700,000","2,600,000","-6,000,000","-5,900,000","2,600,000","1,700,000","200,000","2,100,000","2,500,000","1,900,000","2,600,000","2,400,000","2,200,000","2,200,000","-4,800,000","700,000","-400,000","2,700,000","1,900,000","3,200,000","3,300,000","3,700,000","1,700,000","2,800,000","3,200,000","3,100,000","3,200,000","3,500,000","3,800,000","3,600,000","3,100,000","3,100,000","3,300,000","3,300,000","2,800,000","3,100,000","2,800,000","3,000,000","2,500,000","2,500,000","2,700,000","2,600,000","2,100,000","2,100,000","2,000,000","2,300,000","2,200,000","1,600,000"
		MinorityInterests,"-262,000","-76,000","-72,000","-58,000","-56,000","-78,000","-81,000","-124,000","-55,000","-403,000","-562,000","-435,000","-622,000","-505,000","-343,000","-390,000","-398,000","-459,000","-464,000","-374,000","-229,000","-288,000","-423,000","-515,000","-579,000","-594,000","-754,000","-592,000","-572,000","-760,000","-698,000","-630,000","-747,000","-540,000","-447,000","-714,000","-630,000","-568,000","-517,000","-581,000","-618,000","-441,000","-371,000","-258,000","-200,000","-67,000","-266,000","-211,000","-364,000","-253,000","-350,000","-428,000","-348,000","-289,000","-312,000","-417,000","-304,000","-131,000","-441,000","-719,000","-918,000","-1,093,000","-865,000","-897,000","-1,019,000","-726,000","-777,000","-787,000","-751,000","-431,000","-720,000","-734,000","-649,000","-449,000","-632,000","-963,000","-861,000","-731,000","-516,000","-776,000","-513,000","-500,000","-700,000","-300,000","-100,000","300,000","-200,000","-200,000","-300,000","-200,000","-100,000","-100,000",,"0",,"-100,000","-100,000","-200,000",,"-100,000","-100,000","-100,000","-100,000","-100,000","-100,000","0","-100,000","-100,000","-100,000","-100,000","-100,000","-100,000","-100,000","-100,000","-100,000","-100,000","-100,000","-100,000","-100,000","-100,000","-100,000","-100,000","-100,000","-100,000",,,,,,,,,,,,,,,
	OtherunderPreferredStockDividend,"90,000","50,000","-46,000","34,000","46,000","26,000","77,000","83,000","62,000","-85,000","76,000","82,000","55,000","142,000","130,000","130,000","113,000","92,000","121,000","131,000","96,000","118,000","140,000","134,000","112,000","123,000","109,000","139,000","111,000",,,,,,,,,,,,,,,,,,,,,,,,,,,,,,,,,,,,,,,,,,,,,,,,,,,,,,,,,,,,,,,,,,,,,,,,,,,,,,,,,,,,,,,,,,,,,,,,,,,,,,,,,,,,,,
AverageDilutionEarnings,"0",,,,,"1,000","0","0","0","0","0","0","1,000","1,000","0","0","0","-1,000","0","0","0","-1,000","0","1,000","0","-1,000","0","1,000","0",,,,,,,,,,,,,,,,,,,,,,,,,,,,,,,,,,,,,,,,,,,,,,,,,,,,,,,,,,,,,,,,,,,,,,,,,,,,,,,,,,,,,,,,,,,,,,,,,,,,,,,,,,,,,,
DilutedNIAvailtoComStockholders,"31,532,000","15,190,000","-13,007,000","15,557,000","13,798,000","7,779,000","19,613,000","19,163,000","12,670,000","-9,677,000","11,066,000","11,824,000","6,938,000","17,293,000","15,878,000","14,885,000","12,833,000","11,300,000","14,250,000","14,907,000","10,282,000","12,520,000","15,556,000","15,294,000","12,618,000","13,962,000","12,442,000","15,945,000","13,508,000","13,909,000","10,486,000","10,540,000","11,946,000","9,770,000","13,358,000","9,841,000","10,600,000","6,895,000","6,340,000","9,153,000","9,419,000","7,932,000","5,052,000","3,234,000","2,000","-2,722,000","4,440,000","4,321,000","5,093,000","4,623,000","3,160,000","4,151,000","3,537,000","2,994,000","3,139,000","2,992,000","2,542,000","-5,445,000","2,212,000","1,795,000","3,126,000","1,664,000","1,154,000","2,847,000","3,309,000","4,115,000","4,136,000","3,475,000","3,107,000","4,414,000","4,289,000","3,236,000","2,358,000","-1,578,000","1,116,000","4,114,000","4,013,000","3,438,000","4,683,000","4,671,000","4,371,000","4,600,000","4,300,000","3,800,000","3,000,000","800,000","3,600,000","3,500,000","2,900,000","2,100,000","3,300,000","4,700,000","2,600,000","-6,000,000","-5,900,000","2,600,000","1,700,000","200,000","2,100,000","2,500,000","1,900,000","2,600,000","2,400,000","2,200,000","2,200,000","-4,800,000","700,000","-400,000","2,700,000","1,900,000","3,200,000","3,300,000","3,700,000","1,700,000","2,800,000","3,200,000","3,100,000","3,200,000","3,500,000","3,800,000","3,600,000","3,100,000","3,100,000","3,300,000",,,,,,,,,,,,,,,
BasicEPS,,"0.86","-0.8","1.17","1.04","0.59","1.48","1.44","0.96","-0.73","0.84","0.9","0.53","1.31","1.21","1.13","0.98","0.86","1.08","1.13","0.78",,"1.18","1.17","0.96","1.07","0.95","1.22","1.04",,"0.8","0.81","0.92",,"1.04","0.8","0.92",,"0.56","0.82","0.85",,"0.46","0.29","0",,"0.42","0.42","0.5",,"0.32","0.42","0.36",,"0.32","0.31","0.26",,"0.23","0.19","0.32",,"0.12","0.3","0.35",,"0.44","0.37","0.34",,"0.47","0.35","0.26",,"0.12","0.45","0.45",,"0.53","0.53","0.49",,"0.48","0.42","0.34",,"0.4","0.4","0.33",,"0.38","0.54","0.3",,"-0.68","0.31","0.19",,"0.24","0.28","0.22",,"0.26","0.24","0.24",,"0.08","-0.05","0.3",,"0.35","0.37","0.41",,"0.3","0.36","0.35",,"0.37","0.41","0.38",,"0.33","0.35","0.34",,"0.32","0.29","0.31",,"0.25","0.28","0.26",,"0.21","0.19","0.22",,"0.15"
DilutedEPS,,"0.86","-0.8","1.17","1.03","0.58","1.47","1.44","0.95","-0.73","0.83","0.89","0.52","1.31","1.21","1.13","0.98","0.86","1.08","1.13","0.78",,"1.18","1.16","0.96","1.07","0.95","1.22","1.04",,"0.8","0.81","0.91",,"1.03","0.79","0.91",,"0.55","0.8","0.84",,"0.45","0.29","0",,"0.41","0.41","0.5",,"0.31","0.41","0.35",,"0.32","0.3","0.26",,"0.23","0.18","0.32",,"0.12","0.29","0.33",,"0.42","0.36","0.33",,"0.45","0.35","0.256",,"0.12","0.45","0.448",,"0.53","0.526","0.49",,"0.48","0.42","0.34",,"0.4","0.39","0.33",,"0.38","0.54","0.3",,"-0.68","0.31","0.19",,"0.24","0.28","0.22",,"0.26","0.24","0.24",,"0.08","-0.05","0.3",,"0.35","0.37","0.41",,"0.3","0.36","0.35",,"0.37","0.41","0.38",,"0.33","0.35","0.34",,"0.32","0.29","0.31",,"0.25","0.28","0.26",,"0.21","0.19","0.22",,"0.15"
BasicAverageShares,,"17,666,163","16,185,724","13,304,248","13,291,589","13,281,786","13,278,259","13,267,504","13,245,026","13,230,441","13,217,165","13,195,053","13,176,096","13,157,411","13,143,884","13,126,134","13,116,807","13,247,674","13,306,481","13,220,264","13,188,761",,"13,133,668","13,118,025","13,091,503","13,164,486","13,062,417","13,037,822","13,001,963",,"12,937,417","13,012,346","12,730,682",,"12,844,231","12,043,858","11,521,739",,"11,088,830","11,162,195","10,879,225",,"10,834,048","11,151,724","10,745,286",,"10,573,497","10,285,121","10,085,859",,"10,016,801","9,983,535","9,907,683",,"9,792,187","9,769,682","9,723,432",,"9,693,851","9,676,463","9,643,681",,"9,621,746","9,604,142","9,570,664",,"9,410,675","9,323,895","9,270,775",,"9,222,050","9,249,925","9,154,303",,"9,115,591","9,064,679","8,901,667",,"8,821,017","8,808,181","8,862,735",,"8,958,333","9,047,619","8,823,529",,"9,000,000","8,750,000","8,787,879",,"8,684,211","8,703,704","8,666,667",,"8,676,471","8,387,097","8,947,368",,"8,750,000","8,928,571","8,636,364",,"9,230,769","9,166,667","9,166,667",,"8,750,000","8,000,000","9,000,000",,"9,142,857","8,918,919","9,024,390",,"9,333,333","8,888,889","8,857,143",,"9,459,459","9,268,293","9,473,684",,"9,393,939","9,428,571","9,655,000",,"9,655,000","9,927,000","9,927,000",,"9,927,000","9,942,000","9,915,000",,"10,139,000","10,330,000","10,435,000",,"10,418,000"
DilutedAverageShares,,"17,684,090","16,185,724","13,352,255","13,338,490","13,327,464","13,315,541","13,297,388","13,278,606","13,267,652","13,251,693","13,240,279","13,221,061","13,198,611","13,173,844","13,144,713","13,129,394","13,247,674","13,306,481","13,239,675","13,208,657",,"13,156,341","13,139,413","13,111,152","13,164,486","13,084,905","13,062,740","13,031,900",,"12,971,309","13,012,346","12,851,892",,"12,968,932","12,218,777","11,648,352",,"11,298,454","11,441,250","10,997,738",,"10,923,627","11,151,724","10,745,286",,"10,796,716","10,559,449","10,179,539",,"10,134,909","10,118,653","10,024,905",,"9,854,625","9,833,117","9,816,149",,"9,801,893","9,795,798","9,883,727",,"9,973,920","9,983,809","9,977,713",,"9,856,783","9,671,578","9,508,593",,"9,453,208","9,308,678","9,212,700",,"9,174,754","9,124,642","8,963,929",,"8,886,501","8,873,810","8,928,394",,"8,958,333","9,047,619","8,823,529",,"9,000,000","8,974,359","8,787,879",,"8,684,211","8,703,704","8,666,667",,"8,676,471","8,387,097","8,947,368",,"8,750,000","8,928,571","8,636,364",,"9,230,769","9,166,667","9,166,667",,"8,750,000","8,000,000","9,000,000",,"9,142,857","8,918,919","9,024,390",,"9,333,333","8,888,889","8,857,143",,"9,459,459","9,268,293","9,473,684",,"9,393,939","9,428,571","9,655,000",,"9,655,000","9,927,000","9,927,000",,"9,927,000","9,942,000","9,915,000",,"10,139,000","10,330,000","10,435,000",,"10,418,000"
TotalOperatingIncomeAsReported,"46,134,000","20,276,000","-14,502,000","20,531,000","19,829,000","20,068,000","24,919,000","22,563,000","20,231,000","17,074,000","14,009,000","17,903,000","13,758,000","20,385,000","21,339,000","22,093,000","19,234,000","13,223,000","18,728,000","21,445,000","17,864,000","16,485,000","20,553,000","20,945,000","19,373,000","15,232,000","18,807,000","19,793,000","17,411,000","13,676,000","15,863,000","16,983,000","16,702,000","11,367,000","17,504,000","14,941,000","14,100,000","11,616,000","9,431,000","13,413,000","13,671,000","11,990,000","8,576,000","5,794,000","-272,000","-1,563,000","6,622,000","5,753,000","9,131,000","8,111,000","3,266,000","7,203,000","6,627,000","4,943,000","5,290,000","6,276,000","5,123,000","-5,853,000","3,940,000","3,589,000","1,478,000","3,257,000","2,442,000","5,335,000","5,857,000","6,384,000","6,326,000","5,724,000","5,681,000","7,255,000","6,702,000","5,683,000","4,333,000","-1,720,000","2,853,000","6,959,000","6,099,000","5,505,000","6,398,000","7,020,000","6,252,000","7,700,000","8,000,000","6,400,000","5,000,000","5,900,000","5,900,000","5,900,000","4,900,000","5,400,000","5,000,000","4,100,000","3,800,000","2,400,000","4,700,000","4,700,000","3,400,000","1,600,000","4,100,000","4,500,000","3,500,000","2,700,000","3,800,000","3,200,000","3,700,000","2,300,000","700,000","2,200,000","3,300,000","1,900,000","4,300,000","4,500,000","5,100,000","1,600,000","3,400,000","4,200,000","3,300,000","3,700,000","4,900,000","4,900,000","4,500,000","3,400,000","3,400,000","4,200,000",,,,,,,,,,,,,,,
TotalExpenses,"1,028,019,000","357,198,000","301,398,000","181,629,000","187,794,000","187,728,000","194,767,000","195,677,000","187,191,000","187,843,000","189,771,000","181,378,000","172,642,000","171,299,000","169,089,000","164,822,000","158,843,000","163,262,000","170,496,000","162,281,000","163,466,000","177,548,000","178,314,000","170,341,000","162,301,000","169,065,000","165,252,000","165,053,000","158,782,000","159,192,000","165,060,000","159,814,000","160,936,000","161,894,000","164,809,000","152,851,000","145,765,000","130,467,000","128,238,000","122,578,000","114,649,000","119,736,000","110,346,000","96,541,000","96,490,000","114,876,000","152,884,000","152,435,000","138,587,000","134,282,000","137,449,000","130,395,000","118,264,000","110,584,000","111,135,000","112,407,000","104,693,000","103,844,000","101,811,000","103,453,000","101,451,000","100,507,000","97,225,000","93,348,000","92,274,000","87,248,000","83,387,000","77,729,000","67,656,000","64,614,000","66,566,000","63,774,000","55,594,000","63,217,000","57,436,000","58,114,000","58,116,000","63,753,000","59,645,000","60,247,000","58,750,000","58,100,000","59,800,000","57,600,000","55,900,000","57,600,000","60,100,000","59,500,000","57,300,000","58,600,000","53,700,000","56,200,000","54,700,000","56,900,000","57,400,000","55,600,000","55,100,000","54,600,000","54,400,000","55,300,000","51,200,000","49,400,000","46,300,000","44,100,000","41,800,000","44,600,000","47,700,000","49,100,000","45,100,000","45,800,000","49,800,000","51,400,000","49,800,000","44,300,000","45,400,000","45,300,000","43,700,000","47,200,000","46,900,000","45,900,000","43,500,000","42,700,000","42,700,000","41,100,000",,,,,,,,,,,,,,,
NetIncomeFromContinuingAndDiscontinuedOperation,"31,622,000","15,240,000","-13,053,000","15,591,000","13,844,000","7,805,000","19,690,000","19,246,000","12,732,000","-9,762,000","11,142,000","11,906,000","6,992,000","17,434,000","16,008,000","15,015,000","12,946,000","11,393,000","14,371,000","15,038,000","10,378,000","12,639,000","15,696,000","15,427,000","12,730,000","14,086,000","12,551,000","16,083,000","13,619,000","14,433,000","10,486,000","10,540,000","11,946,000","9,770,000","13,358,000","9,841,000","10,600,000","6,895,000","6,340,000","9,153,000","9,419,000","7,932,000","5,052,000","3,234,000","2,000","-2,722,000","4,440,000","4,321,000","5,093,000","4,623,000","3,160,000","4,151,000","3,537,000","2,994,000","3,139,000","2,992,000","2,542,000","-5,445,000","2,212,000","1,795,000","3,126,000","1,664,000","1,154,000","2,847,000","3,309,000","4,115,000","4,136,000","3,475,000","3,107,000","4,414,000","4,289,000","3,236,000","2,358,000","-1,578,000","1,116,000","4,114,000","4,013,000","3,438,000","4,683,000","4,671,000","4,371,000","4,600,000","4,300,000","3,800,000","3,000,000","800,000","3,600,000","3,500,000","2,900,000","2,100,000","3,300,000","4,700,000","2,600,000","-6,000,000","-5,900,000","2,600,000","1,700,000","200,000","2,100,000","2,500,000","1,900,000","2,600,000","2,400,000","2,200,000","2,200,000","-4,800,000","700,000","-400,000","2,700,000","1,900,000","3,200,000","3,300,000","3,700,000","1,700,000","2,800,000","3,200,000","3,100,000","3,200,000","3,500,000","3,800,000","3,600,000","3,100,000","3,100,000","3,300,000",,,,,,,,,,,,,,,
NormalizedIncome,"88,985,392","25,522,780","14,675,476","19,167,244","17,292,452","10,717,700","22,223,020","22,771,184","16,512,972","-6,121,200","18,237,132","14,914,088","12,556,400","17,275,971.891","15,899,016","15,014,326","12,731,391","17,290,167.636","14,414,848","15,258,158","10,753,064","12,794,233.139","15,560,395","15,513,750","13,250,948","14,086,000","12,551,000","16,083,000","13,619,000","14,865,602.364","10,256,092","10,632,728","11,678,315","8,899,964.474","11,417,048.604","9,290,404.58","10,172,082.889","6,527,996.294","6,594,209.679","8,374,815.015","9,419,000","7,652,830.344","4,913,279.58","2,993,449.503","544,750","-2,671,297.897","5,857,423.386","4,450,791.828","4,986,890.875","1,854,000","5,056,700","3,557,970.655","3,317,599.572","2,846,848.5","2,761,080.46","2,757,125.116","2,460,379.841","2,153,966.184","1,973,776.152","1,357,502.717","671,453.992","1,541,385","864,925.059","2,704,515.595","2,926,101.951","4,196,063.199","3,918,806.77","3,166,783.861","3,048,041.563","4,449,400","3,648,440","3,255,038.788","2,167,597.481","-117,095.041","3,665,690.684","3,852,492.69","3,474,802.343","3,055,851.275","3,829,744.42","3,987,553.986","3,695,512.645","3,940,000","3,880,000","3,320,000","2,632,653.061","5,155,555.556","3,050,847.458","3,077,586.207","2,480,000","2,880,000","2,811,111.111","2,413,513.514","2,156,097.561","-1,380,000","2,881,395.349","2,479,069.767","1,640,000","260,000","2,040,000","2,380,000","1,780,000","1,485,714.286","2,153,846.154","1,650,000","2,138,888.889","429,850.746","340,000","1,100,000","1,992,857.143","1,221,428.571","2,635,294.118","2,792,307.692","3,072,881.356","1,062,500","2,008,695.652","2,475,471.698","2,089,130.435","2,153,846.154","2,885,964.912","3,040,000","2,715,789.474","2,089,130.435","2,223,913.043","2,652,941.176",,,,,,,,,,,,,,,
InterestIncome,,,,"550,000","438,000","536,000","521,000","571,000","489,000","709,000","762,000","540,000","523,000","593,000","551,000","545,000","348,000","507,000","422,000","375,000","320,000","551,000","642,000","895,000","453,000","321,000","267,000","229,000","169,000","183,000","149,000","137,000","123,000","276,000","262,000","271,000","272,000","361,000","313,000","343,000","184,000","177,000","178,000","220,000","153,000",,,,,,,,,,,,,,,,,,,,,,,,,,,,,,,,,,,,,,,,,,,,,,,,,,,,,,,,,,,,,,,,,,,,,,,,,,,,,,,,,,,,,,,,,,,,,,
InterestExpense,"16,976,000","9,365,000","6,102,000","1,283,000","1,214,000","1,354,000","1,510,000","1,602,000","1,692,000","1,663,000","793,000","780,000","656,000","663,000","758,000","727,000","741,000","694,000","697,000","607,000","587,000","624,000","641,000","581,000","525,000","699,000","717,000","762,000","744,000","924,000","1,034,000","1,151,000","1,174,000","1,082,000","1,166,000","1,200,000","1,218,000","1,183,000","1,345,000","1,386,000","1,311,000","1,397,000","1,356,000","1,538,000","1,242,000",,,,,,,,,,,,,,,,,,,,,,,,,,,,,,,,,,,,,,,,,,,,,,,,,,,,,,,,,,,,,,,,,,,,,,,,,,,,,,,,,,,,,,,,,,,,,,
NetInterestIncome,"-16,976,000","-9,365,000","-6,102,000","-733,000","-776,000","-818,000","-989,000","-1,031,000","-1,203,000","-954,000","-31,000","-240,000","-133,000","-70,000","-207,000","-182,000","-393,000","-187,000","-275,000","-232,000","-267,000","-73,000","1,000","314,000","-72,000","-378,000","-450,000","-533,000","-575,000","-741,000","-885,000","-1,014,000","-1,051,000","-806,000","-904,000","-929,000","-946,000","-822,000","-1,032,000","-1,043,000","-1,127,000","-1,220,000","-1,178,000","-1,318,000","-1,089,000",,,,,,,,,,,,,,,,,,,,,,,,,,,,,,,,,,,,,,,,,,,,,,,,,,,,,,,,,,,,,,,,,,,,,,,,,,,,,,,,,,,,,,,,,,,,,,
EBIT,"105,484,000","80,015,000","-14,299,000","21,124,000","19,632,000","20,593,000","24,917,000","23,395,000","20,351,000","18,492,000","15,020,000","16,872,000","14,176,000","21,297,000","22,404,000","22,909,000","20,288,000","13,758,000","19,335,000","21,732,000","17,990,000","17,245,000","22,109,000","21,957,000","19,353,000","17,110,000","18,389,000","22,323,000","17,926,000","16,745,000","16,334,000","16,986,000","17,166,000","12,623,000","20,506,000","16,003,000","14,911,000","12,517,000","9,424,000","14,879,000","14,618,000","12,549,000","8,971,000","6,370,000","1,335,000","1,353,000","6,622,000","5,753,000","9,131,000","8,111,000","3,266,000","7,203,000","6,627,000","4,943,000","5,290,000","6,276,000","5,123,000","3,235,000","3,940,000","3,589,000","2,710,000","3,707,000","2,442,000","5,335,000","5,857,000","6,441,000","6,326,000","5,724,000","5,681,000","7,255,000","6,702,000","5,683,000","4,333,000","-4,945,000","6,078,000","6,959,000","6,099,000","5,505,000","6,398,000","7,020,000","6,252,000","7,700,000","8,000,000","6,400,000","5,000,000","5,900,000","5,900,000","5,900,000","4,900,000","5,400,000","5,000,000","4,100,000","3,800,000","2,400,000","4,700,000","4,700,000","3,400,000","1,600,000","4,100,000","4,500,000","3,500,000","2,700,000","3,800,000","3,200,000","3,700,000","2,300,000","700,000","2,200,000","3,300,000","1,900,000","4,300,000","4,500,000","5,100,000","1,600,000","3,400,000","4,200,000","3,300,000","3,700,000","4,900,000","4,900,000","4,500,000","3,400,000","3,400,000","4,200,000","44,200,000","-109,900,000","42,400,000","41,300,000","42,000,000","-93,700,000","36,000,000","36,600,000","35,200,000","-84,900,000","31,500,000","32,000,000","32,300,000","-80,400,000","30,400,000"
EBITDA,"150,379,000"
ReconciledCostOfRevenue,"741,386,000","255,162,000","220,073,000","130,708,000","135,443,000","136,644,000","140,929,000","141,025,000","136,608,000","137,075,000","138,142,000","129,348,000","124,022,000","121,541,000","119,649,000","115,680,000","110,202,000","114,509,000","117,895,000","113,109,000","115,002,000","124,457,000","128,567,000","123,070,000","116,560,000","119,134,000","118,069,000","117,532,000","113,585,000","113,714,000","121,797,000","116,161,000","117,843,000","116,597,000","122,827,000","114,026,000","107,131,000","94,193,000","88,641,000","87,460,000","80,980,000","84,111,000","74,450,000","66,298,000","69,793,000","88,114,000","112,981,000","113,402,000","104,083,000","98,783,000","97,547,000","94,986,000","86,345,000","78,251,000","79,650,000","82,618,000","77,331,000","74,778,000","71,874,000","74,333,000","73,234,000","70,027,000","67,976,000","66,139,000","65,676,000","60,413,000","58,928,000","54,506,000","44,971,000","43,010,000","43,869,000","40,495,000","35,570,000","35,293,000","38,371,000","37,988,000","38,393,000","40,381,000","36,367,000","36,436,000","35,534,000","36,900,000","34,100,000","32,900,000","30,600,000","32,800,000","34,500,000","34,400,000","32,600,000","33,200,000","30,500,000","32,500,000","31,500,000","31,900,000","33,500,000","32,100,000","31,900,000","30,500,000","32,900,000","32,800,000","30,600,000","23,000,000","28,200,000","26,700,000","25,400,000","19,100,000","28,000,000","29,900,000","27,800,000","19,500,000","30,500,000","31,100,000","30,400,000","20,400,000","27,600,000","27,700,000","26,800,000","23,100,000","28,900,000","27,900,000","27,000,000","21,400,000","26,300,000","25,600,000",,,,,,,,,,,,,,,
ReconciledDepreciation,"44,895,000","21,027,000","14,166,000","4,843,000","4,859,000","4,803,000","4,883,000","4,981,000","5,047,000","5,012,000","5,017,000","5,007,000","4,930,000","4,778,000","4,868,000","4,986,000","4,934,000","4,979,000","4,863,000","4,666,000","4,698,000","4,723,000","4,196,000","3,824,000","3,888,000","3,944,000","3,952,000","3,953,000","3,935,000","4,074,000","3,850,000","3,631,000","3,803,000","3,670,000","3,745,000","3,236,000","3,142,000","2,671,000","2,654,000","2,683,000","2,847,000","2,858,000","2,422,000","2,608,000","2,715,000","2,871,000","3,122,000","3,083,000","2,980,000","3,404,000","3,368,000","3,053,000","3,058,000","3,099,000","2,863,000","2,755,000","2,846,000","2,786,000","2,551,000","2,620,000","2,574,000","2,632,000","2,462,000","2,408,000","2,265,000","1,771,000","2,034,000","1,971,000","1,861,000","2,090,000","1,495,000","1,341,000","1,311,000","1,740,000","1,534,000","1,582,000","1,524,000","2,082,000","1,547,000","1,603,000","1,580,000","2,200,000","1,600,000","1,600,000","1,600,000","1,600,000","1,900,000","1,700,000","1,900,000","2,200,000","1,900,000","1,500,000","1,700,000","2,400,000","2,100,000","2,100,000","2,100,000","2,700,000","1,500,000","2,300,000","2,100,000",,,,,,,,,,,,,,,,,,,,,,,,,,,,,,,,,,,,,,
NetIncomeFromContinuingOperationNetMinorityInterest,"31,622,000","15,240,000","-13,053,000","15,591,000","13,844,000","7,805,000","19,690,000","19,246,000","12,732,000","-9,762,000","11,142,000","11,906,000","6,992,000","17,434,000","16,008,000","15,015,000","12,946,000","11,393,000","14,371,000","15,038,000","10,378,000","12,639,000","15,696,000","15,427,000","12,730,000","14,086,000","12,551,000","16,083,000","13,619,000","14,433,000","10,486,000","10,540,000","11,946,000","9,770,000","13,358,000","9,841,000","10,600,000","6,895,000","6,340,000","9,153,000","9,419,000","7,932,000","5,052,000","3,234,000","2,000","-2,722,000","4,440,000","4,321,000","5,093,000","4,623,000","3,160,000","4,151,000","3,537,000","2,994,000","3,139,000","2,992,000","2,542,000","-5,445,000","2,212,000","1,795,000","3,126,000","1,664,000","1,154,000","2,847,000","3,309,000","4,115,000","4,136,000","3,475,000","3,107,000","4,414,000","4,289,000","3,236,000","2,358,000","-1,578,000","1,116,000","4,114,000","4,013,000","3,438,000","4,683,000","4,671,000","4,371,000","4,600,000","4,300,000","3,800,000","3,000,000","800,000","3,600,000","3,500,000","2,900,000","2,100,000","3,300,000","4,700,000","2,600,000","-6,000,000","-5,900,000","2,600,000","1,700,000","200,000","2,100,000","2,500,000","1,900,000","2,600,000","2,400,000","2,200,000","2,200,000","-4,800,000","700,000","-400,000","2,700,000","1,900,000","3,200,000","3,300,000","3,700,000","1,700,000","2,800,000","3,200,000","3,100,000","3,200,000","3,500,000","3,800,000","3,600,000","3,100,000","3,100,000","3,300,000",,,,,,,,,,,,,,,
TotalUnusualItemsExcludingGoodwill,"-61,814,000","-14,086,000","-38,299,000","-4,718,000","-4,711,000","-3,990,000","-3,108,000","-4,237,000","-5,386,000","-6,068,000","-9,108,000","-4,076,000","-9,274,000","191,000","152,000","1,000","317,000","-7,066,000","-58,000","-302,000","-542,000","-217,000","185,000","-125,000","-799,000",,,,,"-529,000","322,000","-134,000","341,000","980,000","2,740,000","791,000","539,000","540,000","-320,000","1,123,000","0","382,000","217,000","356,000","-835,000","-68,000","-1,721,000","-193,000","161,000","4,260,000","-2,918,000","909,000","327,000","205,000","539,000","387,000","128,000","-8,837,000","353,000","648,000","3,636,000","179,000","422,000","208,000","559,000","-123,000","295,000","447,000","88,000","-59,000","942,000","-28,000","280,000","-2,117,000","-3,694,000","379,000","780,000","571,000","1,249,000","1,015,000","996,000","1,100,000","700,000","800,000","600,000","-4,900,000","900,000","700,000","700,000","-1,300,000","800,000","3,600,000","700,000","-7,700,000","-12,800,000","200,000","100,000","-100,000","100,000","200,000","200,000","1,800,000","400,000","900,000","100,000","-7,300,000","600,000","-2,500,000","1,100,000","1,000,000","900,000","800,000","1,000,000","900,000","1,300,000","1,200,000","1,500,000","1,700,000","1,000,000","1,200,000","1,400,000","1,500,000","1,300,000","1,000,000",,,,,,,,,,,,,,,
TotalUnusualItems,"-61,814,000","-14,086,000","-38,299,000","-4,718,000","-4,711,000","-3,990,000","-3,108,000","-4,237,000","-5,386,000","-6,068,000","-9,108,000","-4,076,000","-9,274,000","191,000","152,000","1,000","317,000","-7,066,000","-58,000","-302,000","-542,000","-217,000","185,000","-125,000","-799,000",,,,,"-529,000","322,000","-134,000","341,000","980,000","2,740,000","791,000","539,000","540,000","-320,000","1,123,000","0","382,000","217,000","356,000","-835,000","-68,000","-1,721,000","-193,000","161,000","4,260,000","-2,918,000","909,000","327,000","205,000","539,000","387,000","128,000","-8,837,000","353,000","648,000","3,636,000","179,000","422,000","208,000","559,000","-123,000","295,000","447,000","88,000","-59,000","942,000","-28,000","280,000","-2,117,000","-3,694,000","379,000","780,000","571,000","1,249,000","1,015,000","996,000","1,100,000","700,000","800,000","600,000","-4,900,000","900,000","700,000","700,000","-1,300,000","800,000","3,600,000","700,000","-7,700,000","-12,800,000","200,000","100,000","-100,000","100,000","200,000","200,000","1,800,000","400,000","900,000","100,000","-7,300,000","600,000","-2,500,000","1,100,000","1,000,000","900,000","800,000","1,000,000","900,000","1,300,000","1,200,000","1,500,000","1,700,000","1,000,000","1,200,000","1,400,000","1,500,000","1,300,000","1,000,000",,,,,,,,,,,,,,,
NormalizedEBITDA,"212,193,000","115,128,000","38,166,000","30,685,000","29,202,000","29,386,000","32,908,000","32,613,000","30,784,000","29,572,000","29,145,000","25,955,000","28,380,000","25,884,000","27,120,000","27,894,000","24,905,000","25,803,000","24,256,000","26,700,000","23,230,000","22,185,000","26,120,000","25,906,000","24,040,000","21,054,000","22,341,000","26,276,000","21,861,000","21,348,000","19,862,000","20,751,000","20,628,000","15,313,000","21,511,000","18,448,000","17,514,000","14,648,000","12,398,000","16,439,000","17,465,000","15,025,000","11,176,000","8,622,000","4,885,000","4,292,000","11,465,000","9,029,000","11,950,000","7,255,000","9,552,000","9,347,000","9,358,000","7,837,000","7,614,000","8,644,000","7,841,000","14,858,000","6,138,000","5,561,000","1,648,000","6,160,000","4,482,000","7,535,000","7,563,000","8,335,000","8,065,000","7,248,000","7,454,000","9,404,000","7,255,000","7,052,000","5,364,000","-1,088,000","11,306,000","8,162,000","6,843,000","7,016,000","6,879,000","7,608,000","6,836,000","8,800,000","8,900,000","7,200,000","6,000,000","12,400,000","6,900,000","6,900,000","6,100,000","8,900,000","6,100,000","2,000,000","4,800,000","12,500,000","19,600,000","6,600,000","5,400,000","4,400,000","6,000,000","6,600,000","5,400,000","900,000","3,400,000","2,300,000","3,600,000","9,600,000","100,000","4,700,000","2,200,000","900,000","3,400,000","3,700,000","4,100,000","700,000","2,100,000","3,000,000","1,800,000","2,000,000","3,900,000","3,700,000","3,100,000","1,900,000","2,100,000","3,200,000","44,200,000","-109,900,000","42,400,000","41,300,000","42,000,000","-93,700,000","36,000,000","36,600,000","35,200,000","-84,900,000","31,500,000","32,000,000","32,300,000","-80,400,000","30,400,000"
TaxRateForCalcs,"0.072","0.27","0.276","0.242","0.268","0.27","0.185","0.168","0.298","0.4","0.221","0.262","0.4","0.173","0.283","0.326","0.323","0.165","0.244","0.271","0.308","0.285","0.267","0.306","0.348","0.217","0.338","0.317","0.241","0.182","0.286","0.308","0.215","0.112","0.292","0.304","0.206","0.32","0.206","0.307","0.239","0.269","0.361","0.324","0.35","0.254","0.176","0.328","0.341","0.35","0.35","0.348","0.329","0.282","0.299","0.393","0.362","0.14","0.325","0.325","0.325","0.315","0.315","0.315","0.315","0.341","0.264","0.31","0.33","0.4","0.32","0.32","0.32","0.31","0.31","0.31","0.31","0.331","0.317","0.327","0.322","0.4","0.4","0.4","0.388","0.111","0.39","0.397","0.4","0.4","0.389","0.365","0.366","0.4","0.314","0.395","0.4","0.4","0.4","0.4","0.4","0.381","0.385","0.389","0.389","0.284","0.4","0.4","0.357","0.321","0.373","0.365","0.373","0.292","0.391","0.396","0.326","0.385","0.386","0.367","0.368","0.326","0.326","0.353",,,,,,,,,,,,,,,
TaxEffectOfUnusualItems,"-4,450,608","-3,803,220","-10,570,524","-1,141,756","-1,262,548","-1,077,300","-574,980","-711,816","-1,605,028","-2,427,200","-2,012,868","-1,067,912","-3,709,600","32,971.891","43,016","326","102,391","-1,168,832.364","-14,152","-81,842","-166,936","-61,766.861","49,395","-38,250","-278,052","0","0","0","0","-96,397.636","92,092","-41,272","73,315","109,964.474","799,048.604","240,404.58","111,082.889","172,996.294","-65,790.321","344,815.015","0","102,830.344","78,279.58","115,449.503","-292,250","-17,297.897","-303,576.614","-63,208.172","54,890.875","1,491,000","-1,021,300","315,970.655","107,599.572","57,848.5","161,080.46","152,125.116","46,379.841","-1,238,033.816","114,776.152","210,502.717","1,181,453.992","56,385","132,925.059","65,515.595","176,101.951","-41,936.801","77,806.77","138,783.861","29,041.563","-23,600","301,440","-8,961.212","89,597.481","-656,095.041","-1,144,309.316","117,492.69","241,802.343","188,851.275","395,744.42","331,553.986","320,512.645","440,000","280,000","320,000","232,653.061","-544,444.444","350,847.458","277,586.207","280,000","-520,000","311,111.111","1,313,513.514","256,097.561","-3,080,000","-4,018,604.651","79,069.767","40,000","-40,000","40,000","80,000","80,000","685,714.286","153,846.154","350,000","38,888.889","-2,070,149.254","240,000","-1,000,000","392,857.143","321,428.571","335,294.118","292,307.692","372,881.356","262,500","508,695.652","475,471.698","489,130.435","653,846.154","385,964.912","440,000","515,789.474","489,130.435","423,913.043","352,941.176",,,,,,,,,,,,,,,