name,ttm,12/31/2019,12/31/2018,12/31/2017,12/31/2016,12/31/2015,12/31/2014,12/31/2013,12/31/2012,12/31/2011,12/31/2010,12/31/2009,12/31/2008,12/31/2007,12/31/2006,12/31/2005,12/31/2004,12/31/2003,12/31/2002,12/31/2001,12/31/2000,12/31/1999,12/31/1998,12/31/1997,12/31/1996,12/31/1995
TotalRevenue,"12,626,800,000","12,672,700,000","11,821,400,000","10,086,510,000","8,678,157,000","7,864,252,000","5,390,326,000","4,005,749,000","3,316,487,000","2,699,360,000","2,131,598,000","1,749,315,000","2,137,804,000","3,219,001,000","3,172,894,000","2,935,419,000","2,745,787,000","2,513,502,000","2,376,960,000","1,873,188,000","1,658,611,000","1,242,700,000","714,700,000","319,800,000","142,800,000","114,200,000"
	OperatingRevenue,"12,626,800,000","12,672,700,000","11,821,400,000","10,086,510,000","8,678,157,000","7,864,252,000","5,390,326,000","4,005,749,000","3,316,487,000","2,699,360,000","2,131,598,000","1,749,315,000","2,137,804,000","3,219,001,000","3,172,894,000","2,935,419,000","2,745,787,000","2,513,502,000","2,376,960,000","1,873,188,000","1,658,611,000","1,242,700,000","714,700,000","319,800,000","142,800,000","114,200,000"
CostOfRevenue,"10,662,800,000","10,718,900,000","10,044,400,000","8,570,424,000","7,376,842,000","6,688,618,000","4,567,004,000","3,374,796,000","2,777,187,000","2,241,822,000","1,750,168,000","1,419,696,000","1,767,760,000","2,674,349,000","2,634,417,000","2,430,977,000","2,285,851,000","2,110,393,000","2,002,157,000","1,566,713,000","1,391,042,000","1,043,400,000","599,400,000","265,100,000","116,800,000","91,200,000"
GrossProfit,"1,964,000,000","1,953,800,000","1,777,000,000","1,516,086,000","1,301,315,000","1,175,634,000","823,322,000","630,953,000","539,300,000","457,538,000","381,430,000","329,619,000","370,044,000","544,652,000","538,477,000","504,442,000","459,936,000","403,109,000","374,803,000","306,475,000","267,569,000","199,300,000","115,300,000","54,700,000","26,000,000","23,000,000"
OperatingExpense,"1,492,200,000","1,465,900,000","1,343,500,000","1,107,100,000","948,959,000","852,775,000","589,570,000","447,435,000","390,816,000","344,171,000","318,189,000","288,493,000","629,820,000","451,225,000","423,640,000","385,225,000","363,089,000","322,882,000","303,950,000","248,317,000","203,105,000","152,000,000","88,700,000","43,100,000","22,100,000","18,600,000"
	SellingGeneralAndAdministration,"1,328,500,000","1,306,100,000","1,196,100,000","993,565,000","855,707,000","771,437,000","529,445,000","402,957,000","349,516,000","327,545,000","300,612,000","270,245,000","316,183,000","430,343,000","406,569,000","370,991,000","349,946,000","313,289,000","296,137,000","239,042,000","195,500,000","146,400,000","85,200,000","40,600,000","20,300,000","16,700,000"
		GeneralAndAdministrativeExpense,"1,215,500,000","1,194,200,000","1,087,400,000","900,253,000","774,344,000","701,838,000","482,793,000","363,359,000","317,603,000",,,,,,,,,,,,,,,,,
			SalariesAndWages,"927,600,000","911,200,000","824,800,000","695,527,000","597,185,000","556,719,000","374,757,000","278,497,000","243,249,000",,,,,,,,,,,,,,,,,
			RentAndLandingFees,"41,300,000","41,300,000","43,300,000","33,399,000","26,785,000","23,817,000","17,230,000","13,962,000","15,162,000",,,,,,,,,,,,,,,,,
			OtherGandA,"246,600,000","241,700,000","219,300,000","171,327,000","150,374,000","121,302,000","90,806,000","70,900,000","59,192,000",,,,,,,,,,,,,,,,,
		SellingAndMarketingExpense,"113,000,000","111,900,000","108,700,000","93,312,000","81,363,000","69,599,000","46,652,000","39,598,000","31,913,000",,,,,,,,,,,,,,,,,
	DepreciationAmortizationDepletionIncomeStatement,"84,600,000","82,400,000","75,400,000","57,722,000","49,369,000","41,600,000","26,363,000","20,035,000","17,128,000","16,626,000","17,577,000","18,248,000","17,732,000","20,882,000","17,071,000","14,234,000","13,143,000","9,593,000","7,813,000","9,275,000","7,605,000","5,600,000","3,500,000","2,500,000","1,800,000","1,900,000"
		DepreciationAndAmortizationInIncomeStatement,"84,600,000","82,400,000","75,400,000","57,722,000","49,369,000","41,600,000","26,363,000","20,035,000","17,128,000","16,626,000","17,577,000","18,248,000","17,732,000","20,882,000","17,071,000","14,234,000","13,143,000","9,593,000","7,813,000","9,275,000","7,605,000","5,600,000","3,500,000","2,500,000","1,800,000","1,900,000"
			DepreciationIncomeStatement,,,,,,,,,,,,"18,248,000",,,,,,,"7,795,000","5,482,000",,,,,,
			Amortization,,,,,,,,,,,,,,,,,,,"18,000","3,793,000",,,,,,
				AmortizationOfIntangiblesIncomeStatement,,,,,,,,,,,,,,,,,,,"18,000","3,793,000",,,,,,
	OtherOperatingExpenses,"79,100,000","77,400,000","72,000,000","55,813,000","43,883,000","39,738,000","33,762,000","24,443,000","24,172,000",,,,"295,905,000",,,,,,,,,,,,,
OperatingIncome,"471,800,000","487,900,000","433,500,000","408,986,000","352,356,000","322,859,000","233,752,000","183,518,000","148,484,000","113,367,000","63,241,000","41,126,000","-259,776,000","93,427,000","114,837,000","119,217,000","96,847,000","80,227,000","70,853,000","58,158,000","64,464,000","47,300,000","26,600,000","11,600,000","3,900,000","4,400,000"
NetNonOperatingInterestIncomeExpense,"-131,000,000","-133,400,000","-118,300,000","-74,112,000","-48,738,000","-39,025,000","-24,603,000","-20,723,000","-22,437,000","-23,512,000","-25,169,000","-24,941,000",,,,,,,,,,,,,,
	InterestExpenseNonOperating,"131,000,000","133,400,000","118,300,000","74,112,000","48,738,000","39,025,000","24,603,000","20,723,000","22,437,000","23,512,000","25,169,000","24,941,000",,,,,,,,,,,,,,
OtherIncomeExpense,"21,000,000","20,900,000","22,300,000","12,195,000","-20,095,000","-21,130,000","1,346,000","2,993,000","2,410,000","-680,000","-14,879,000","-5,482,000","-289,232,000","788,000","958,000","1,178,000","-1,520,000","-951,000","-683,000","-410,000","716,000","100,000","900,000","800,000","1,300,000","1,200,000"
	SpecialIncomeCharges,"7,500,000","7,100,000","13,500,000",,"-13,992,000","-20,124,000","-1,853,000","0","-115,000","-680,000","-14,879,000","-5,482,000","-289,232,000","788,000","958,000","1,178,000","-1,520,000","-951,000","-683,000","-410,000","716,000","100,000","900,000","800,000","1,300,000","1,200,000"
		ImpairmentOfCapitalAssets,"2,100,000","2,600,000","1,300,000",,"13,992,000","20,124,000","1,853,000","0","115,000","1,376,000","15,301,000","6,976,000",,,,,,,,,,,,,,
		OtherSpecialCharges,,,,,,,,,,"-696,000","-422,000","-1,494,000",,,,,,,,,,,,,,
		GainOnSaleOfPPE,"9,600,000","9,700,000","14,800,000",,,,,,,,,,,,,,,,,,,,,,,
	OtherNonOperatingIncomeExpenses,"13,500,000","13,800,000","8,800,000","12,195,000","-6,103,000","-1,006,000","3,199,000","2,993,000","2,525,000",,,,,,,,,,,,,,,,,
PretaxIncome,"361,800,000","375,400,000","337,500,000","347,069,000","283,523,000","262,704,000","210,495,000","165,788,000","128,457,000","89,175,000","23,193,000","10,703,000","-290,851,000","43,393,000","65,706,000","85,751,000","69,451,000","59,198,000","52,766,000","35,429,000","39,535,000","32,100,000","17,800,000","9,500,000","3,200,000",
TaxProvision,"100,500,000","103,900,000","71,800,000","101,852,000","86,465,000","79,705,000","74,955,000","60,574,000","49,062,000","33,408,000","9,093,000","4,639,000","-91,703,000","17,409,000","25,369,000","33,958,000","26,878,000","23,561,000","20,450,000","13,675,000","15,222,000","12,900,000","7,000,000","3,500,000","-800,000",
NetIncomeCommonStockholders,"261,300,000","271,500,000","265,700,000","245,217,000","197,058,000","182,999,000","138,720,000","106,000,000","80,362,000","58,860,000","13,719,000","9,151,000","-252,586,000","21,549,000","37,304,000","49,800,000","42,671,000","35,547,000","32,316,000","21,754,000","24,313,000","19,200,000","10,800,000","6,000,000","4,000,000","3,400,000"
	NetIncome,"261,300,000","271,500,000","265,700,000","245,217,000","197,058,000","182,999,000","138,720,000","106,000,000","80,362,000","58,860,000","13,719,000","9,151,000","-252,586,000","21,549,000","37,304,000","49,800,000","42,671,000","35,547,000","32,316,000","21,754,000","24,313,000","19,200,000","10,800,000","6,000,000","4,000,000","3,400,000"
		NetIncomeIncludingNoncontrollingInterests,"261,300,000","271,500,000","265,700,000","245,217,000","197,058,000","182,999,000","138,720,000","106,000,000","80,362,000","58,860,000","13,719,000","9,151,000","-252,586,000","21,549,000","37,304,000","49,800,000","42,671,000","35,547,000","32,316,000","21,754,000","24,313,000","19,200,000","10,800,000","6,000,000","4,700,000","4,200,000"
			NetIncomeContinuousOperations,"261,300,000","271,500,000","265,700,000","245,217,000","197,058,000","182,999,000","135,540,000","105,214,000","79,395,000","55,767,000","14,100,000","6,064,000","-199,148,000","25,984,000","40,337,000","51,793,000","42,573,000","35,637,000","32,316,000","21,754,000","24,313,000","19,200,000","10,800,000","6,000,000","4,000,000","3,400,000"
			NetIncomeDiscontinuousOperations,,,,,"0",,"3,180,000","786,000","967,000","3,093,000","-381,000","3,087,000","-53,438,000","-4,435,000","-3,033,000","-1,993,000","98,000","-90,000",,,,,,,,
		MinorityInterests,,,,,,,,,,,,,,,,,,,,,,,,,"-700,000","-800,000"
DilutedNIAvailtoComStockholders,"261,300,000","271,500,000","265,700,000","245,217,000","197,058,000","182,999,000","138,720,000","106,000,000","80,362,000","58,860,000","13,719,000","9,151,000","-252,586,000","21,549,000","37,304,000","49,800,000","42,671,000","35,547,000","32,316,000","21,754,000","24,313,000","19,200,000","10,800,000","6,000,000","4,000,000","3,400,000"
BasicEPS,,"11.703","11.552","9.78","7.837","6.96","5.31","4.11","3.13","2.24","0.522","0.355","-12.62","1.1","1.91","2.6","2.27","1.94","1.88","1.63","1.95","1.72","1.18","0.85","0.81","0.64"
DilutedEPS,,"11.6","10.86","9.75","7.72","6.91","5.26","4.05","3.07","2.21","0.52","0.355","-12.62","1.06","1.77","2.37","2.13","1.92","1.84","1.6","1.76","1.6","1.14","0.82","0.81","0.6"
BasicAverageShares,,"23,200,000","23,000,000","25,065,000","25,144,000","26,290,000","26,121,000","25,805,000","25,696,000","26,230,000","26,285,000","21,000,000","20,017,000","19,530,000","19,485,000","19,175,000","18,773,000","18,289,000","17,233,000","13,371,000","12,447,000","11,162,791","9,152,542","7,058,824","4,973,000","5,312,500"
DilutedAverageShares,,"23,400,000","24,500,000","25,145,000","25,521,000","26,490,000","26,382,000","26,191,000","26,170,000","26,664,000","26,285,000","22,176,000","20,017,000","22,082,000","22,102,000","21,807,000","20,647,000","18,546,000","17,598,000","13,612,000","13,804,000","12,000,000","9,473,684","7,317,073","7,777,778","5,666,667"
TotalOperatingIncomeAsReported,"479,300,000","495,000,000","447,000,000","408,986,000","338,364,000","302,735,000","231,899,000","183,518,000","148,369,000","111,991,000","47,940,000","34,150,000","-259,776,000","93,427,000","114,837,000","119,217,000","96,847,000","80,227,000","70,853,000","58,158,000","64,464,000","47,300,000","26,600,000","11,600,000","3,900,000","4,400,000"
RentExpenseSupplemental,"41,300,000","41,300,000","43,300,000","33,399,000","26,785,000","23,817,000","17,230,000","13,962,000","15,162,000",,,,,,,,,,,,,,,,,
TotalExpenses,"12,155,000,000","12,184,800,000","11,387,900,000","9,677,524,000","8,325,801,000","7,541,393,000","5,156,574,000","3,822,231,000","3,168,003,000","2,585,993,000","2,068,357,000","1,708,189,000","2,397,580,000","3,125,574,000","3,058,057,000","2,816,202,000","2,648,940,000","2,433,275,000","2,306,107,000","1,815,030,000","1,594,147,000","1,195,400,000","688,100,000","308,200,000","138,900,000","109,800,000"
NetIncomeFromContinuingAndDiscontinuedOperation,"261,300,000","271,500,000","265,700,000","245,217,000","197,058,000","182,999,000","138,720,000","106,000,000","80,362,000","58,860,000","13,719,000","9,151,000","-252,586,000","21,549,000","37,304,000","49,800,000","42,671,000","35,547,000","32,316,000","21,754,000","24,313,000","19,200,000","10,800,000","6,000,000","4,000,000","3,400,000"
NormalizedIncome,"255,883,333.333","266,366,700","255,075,500","245,217,000","206,782,440","197,025,428","136,733,332","105,214,000","79,466,070","56,192,248.78","23,145,569.784","9,627,300","-1,108,542.216","25,511,200","39,748,882.537","51,081,496.297","43,504,749.867","36,209,498.851","32,734,296.403","22,005,746.874","23,872,678.563","19,140,000","10,253,932.584","5,494,736.842","3,220,000","2,680,000"
InterestExpense,"131,000,000","133,400,000","118,300,000","74,112,000","48,738,000","39,025,000","24,603,000","20,723,000","22,437,000","23,512,000","25,169,000","24,941,000",,,,,,,,,,,,,,
NetInterestIncome,"-131,000,000","-133,400,000","-118,300,000","-74,112,000","-48,738,000","-39,025,000","-24,603,000","-20,723,000","-22,437,000","-23,512,000","-25,169,000","-24,941,000",,,,,,,,,,,,,,
EBIT,"492,800,000","508,800,000","455,800,000","421,181,000","332,261,000","301,729,000","235,098,000","186,511,000","150,894,000","112,687,000","48,362,000","35,644,000","-259,776,000","93,427,000","114,837,000","119,217,000","96,847,000","80,227,000","70,853,000","58,158,000","64,464,000","47,300,000","26,600,000","11,600,000","3,900,000","4,400,000"
EBITDA,"577,400,000"
ReconciledCostOfRevenue,"10,662,800,000","10,718,900,000","10,044,400,000","8,570,424,000","7,376,842,000","6,688,618,000","4,567,004,000","3,374,796,000","2,777,001,000","2,241,500,000","1,750,159,000","1,419,123,000","1,767,760,000","2,673,889,000","2,634,020,000","2,430,713,000","2,285,851,000","2,109,691,000","2,002,157,000","1,566,713,000","1,391,042,000","1,043,400,000","599,400,000","265,100,000","116,800,000","91,200,000"
ReconciledDepreciation,"84,600,000","82,400,000","75,400,000","57,722,000","49,369,000","41,600,000","26,363,000","20,035,000","17,314,000","16,948,000","17,586,000","18,821,000","17,732,000","21,342,000","17,468,000","14,498,000","13,143,000","10,295,000","7,813,000","9,275,000","7,605,000","5,600,000","3,500,000","2,500,000","1,800,000","1,900,000"
NetIncomeFromContinuingOperationNetMinorityInterest,"261,300,000","271,500,000","265,700,000","245,217,000","197,058,000","182,999,000","135,540,000","105,214,000","79,395,000","55,767,000","14,100,000","6,064,000","-199,148,000","25,984,000","40,337,000","51,793,000","42,573,000","35,637,000","32,316,000","21,754,000","24,313,000","19,200,000","10,800,000","6,000,000","4,000,000","3,400,000"
TotalUnusualItemsExcludingGoodwill,"7,500,000","7,100,000","13,500,000",,"-13,992,000","-20,124,000","-1,853,000","0","-115,000","-680,000","-14,879,000","-5,482,000","-289,232,000","788,000","958,000","1,178,000","-1,520,000","-951,000","-683,000","-410,000","716,000","100,000","900,000","800,000","1,300,000","1,200,000"
TotalUnusualItems,"7,500,000","7,100,000","13,500,000",,"-13,992,000","-20,124,000","-1,853,000","0","-115,000","-680,000","-14,879,000","-5,482,000","-289,232,000","788,000","958,000","1,178,000","-1,520,000","-951,000","-683,000","-410,000","716,000","100,000","900,000","800,000","1,300,000","1,200,000"
NormalizedEBITDA,"569,900,000","584,100,000","517,700,000","478,903,000","395,622,000","363,453,000","263,314,000","206,546,000","168,323,000","130,315,000","80,827,000","59,947,000","47,188,000","113,981,000","131,347,000","132,537,000","111,510,000","91,473,000","79,349,000","67,843,000","71,353,000","52,800,000","29,200,000","13,300,000","4,400,000","5,100,000"
TaxRateForCalcs,"0.278","0.277","0.213","0.293","0.305","0.303","0.356","0.365","0.382","0.375","0.392","0.35","0.315","0.4","0.386","0.396","0.387","0.398","0.388","0.386","0.385","0.4","0.393","0.368","0.4","0.4"
TaxEffectOfUnusualItems,"2,083,333.333","1,966,700","2,875,500","0","-4,267,560","-6,097,572","-659,668","0","-43,930","-254,751.22","-5,833,430.216","-1,918,700","-91,192,542.216","315,200","369,882.537","466,496.297","-588,250.133","-378,501.149","-264,703.597","-158,253.126","275,678.563","40,000","353,932.584","294,736.842","520,000","480,000"