name,ttm,12/31/2019,12/31/2018,12/31/2017,12/31/2016,12/31/2015,12/31/2014,12/31/2013,12/31/2012,12/31/2011,12/31/2010,12/31/2009,12/31/2008,12/31/2007,12/31/2006,12/31/2005,12/31/2004,12/31/2003,12/31/2002,12/31/2001,12/31/2000
TotalRevenue,"12,406,741,000","12,506,109,000","11,876,674,000","9,736,909,000","8,584,031,000","7,192,633,000","6,740,064,000","5,062,528,000","4,122,930,000","3,269,862,000","2,469,881,000","2,047,942,000","1,937,301,000","1,126,825,000","789,381,000","547,392,000","424,756,000","327,973,997","287,125,301","250,462,000","226,304,000"
	OperatingRevenue,"11,741,468,000","11,877,846,000","11,233,407,000","9,208,634,000","8,144,645,000","6,713,951,000","6,086,759,000","4,429,580,000","3,563,876,000","3,269,862,000","2,469,881,000","2,047,942,000","1,937,301,000","1,126,825,000","789,381,000","547,392,000","424,755,973","327,973,997","287,125,301","250,462,000","226,304,000"
CostOfRevenue,"7,549,335,000","7,654,315,000","7,301,817,000","5,937,286,000","5,232,328,000","4,359,104,000","4,088,151,000","2,987,126,000","2,398,790,000","1,877,869,000","1,376,401,000","1,120,129,000","1,080,632,000","621,076,000","431,832,000","289,788,000","227,140,195","174,237,836","154,573,805","132,520,000","119,313,000"
GrossProfit,"4,857,406,000","4,851,794,000","4,574,857,000","3,799,623,000","3,351,703,000","2,833,529,000","2,651,913,000","2,075,402,000","1,724,140,000","1,391,993,000","1,093,480,000","927,813,000","856,669,000","505,749,000","357,549,000","257,604,000","197,615,805","153,736,161","132,551,496","117,942,000","106,991,000"
OperatingExpense,"3,868,842,000","3,871,070,000","3,626,944,000","2,932,633,000","2,550,543,000","2,109,391,000","1,987,239,000","1,535,049,000","1,283,436,000","1,022,920,000","794,935,000","693,811,000","650,384,000","382,704,000","280,383,000","204,662,000","162,708,773","127,676,989","111,707,266","104,830,000","102,376,000"
	SellingGeneralAndAdministration,"3,583,579,000","3,580,300,000","3,352,731,000","1,915,699,000","1,670,192,000","1,431,230,000","1,340,229,000","1,028,999,000","871,426,000","972,991,000","756,939,000","659,698,000","619,690,000","365,605,000","268,560,000","196,088,000","155,836,915","122,230,885","106,693,426","64,259,000","21,889,000"
		GeneralAndAdministrativeExpense,,"3,580,300,000","3,352,731,000","1,131,214,000","986,380,000","828,333,000","762,888,000","597,052,000","495,591,000","685,365,000","544,221,000","477,779,000",,,,,,,,"39,638,000",
			OtherGandA,,"3,580,300,000","3,352,731,000","1,131,214,000","986,380,000","828,333,000","762,888,000","597,052,000","495,591,000","685,365,000","544,221,000","477,779,000",,,,,,,,"39,638,000",
		SellingAndMarketingExpense,,,,"784,485,000","683,812,000","602,897,000","577,341,000","431,947,000","375,835,000","287,626,000","212,718,000","181,919,000",,,,,,,,"24,621,000","21,889,000"
	DepreciationAmortizationDepletionIncomeStatement,"285,263,000","290,770,000","274,213,000","219,546,000","191,433,000","122,120,000","120,719,000","80,969,000","64,093,000","49,929,000","37,996,000","34,113,000","30,694,000","17,099,000","11,823,000","8,574,000","6,871,858","5,446,104","5,013,840","7,897,000","7,541,000"
		DepreciationAndAmortizationInIncomeStatement,"285,263,000","290,770,000","274,213,000","219,546,000","191,433,000","122,120,000","120,719,000","80,969,000","64,093,000","49,929,000","37,996,000","34,113,000","30,694,000","17,099,000","11,823,000","8,574,000","6,871,858","5,446,104","5,013,840","7,897,000","7,541,000"
			DepreciationIncomeStatement,,"150,649,000","137,632,000","117,859,000","107,945,000","88,335,000","86,216,000",,,,,,,,,,,,,,
			Amortization,,"140,121,000","136,581,000","101,687,000","83,488,000","33,785,000","34,503,000",,,,,,,,,,,,,,
				AmortizationOfIntangiblesIncomeStatement,,"140,121,000","136,581,000","101,687,000","83,488,000","33,785,000","34,503,000",,,,,,,,,,,,,,
	OtherOperatingExpenses,,,,"797,388,000","688,918,000","556,041,000","526,291,000","425,081,000","347,917,000",,,,,,,,,,,"32,674,000","72,946,000"
OperatingIncome,"988,564,000","980,724,000","947,913,000","866,990,000","801,160,000","724,138,000","664,674,000","540,353,000","440,704,000","369,073,000","298,545,000","234,002,000","206,285,000","123,045,000","77,166,000","52,942,000","34,907,032","26,059,172","20,844,230","13,112,000","4,615,000"
NetNonOperatingInterestIncomeExpense,"-95,591,000","-105,749,000","-139,878,000","-84,105,000","-86,016,000","-55,143,000","-63,507,000","-49,054,000","-27,143,000","-22,447,000","-28,316,000","-30,899,000",,,,,,,,,
	InterestIncomeNonOperating,,"32,755,000","6,499,000","17,535,000","2,247,000","2,717,000","1,035,000","2,130,000","4,286,000","1,860,000","1,449,000","1,353,000",,,,,,,,,
	InterestExpenseNonOperating,,"138,504,000","146,377,000","101,640,000","88,263,000","57,860,000","64,542,000","51,184,000","31,429,000","24,307,000","29,765,000","32,252,000",,,,,,,,,
OtherIncomeExpense,"-85,324,000","-83,953,000","-64,604,000","-16,258,000","-37,863,000","-19,965,000","-13,279,000","-15,472,000","-4,394,000","-10,855,000","-104,000","2,214,000","-7,160,000","1,238,000","1,479,000","628,000","455,200","116,469","171,744",,
	GainOnSaleOfSecurity,,,,,"18,342,000",,,,,,,,,,,,,,,,
	SpecialIncomeCharges,"-85,095,000","-83,953,000","-64,604,000","-16,258,000","-56,205,000","-19,511,000","-15,130,000","-12,968,000","-2,751,000","-10,855,000","-104,000","2,214,000","-7,160,000","1,238,000","1,479,000","628,000","455,200","116,469","171,744",,
		RestructuringAndMergernAcquisition,"40,642,000","36,979,000","32,428,000","19,672,000","37,762,000","19,511,000","14,806,000","10,173,000","2,751,000","7,590,000","668,000","2,554,000","8,589,000","388,000",,,,,,,
		ImpairmentOfCapitalAssets,,,"30,826,000","3,870,000","8,207,000",,,,,,,,,,,,,,,,
		WriteOff,"32,328,000","47,102,000",,,,,,,,,,,,,,,,,,,
		OtherSpecialCharges,,"-128,000","1,350,000","456,000","26,650,000",,"324,000","2,795,000",,"3,265,000","-564,000","-4,768,000","-1,429,000","-1,626,000",,,,,,,
	OtherNonOperatingIncomeExpenses,,,,,,"-454,000","1,851,000","-2,504,000","-1,643,000",,,,,,,,,,,,
PretaxIncome,"807,649,000","791,022,000","743,431,000","766,627,000","677,281,000","649,030,000","587,888,000","475,827,000","409,167,000","335,771,000","270,125,000","205,317,000","163,588,000","108,271,000","72,821,000","51,683,000","33,856,887","24,152,762","18,268,204","8,169,000","-241,000"
TaxProvision,"224,191,000","215,330,000","191,395,000","235,560,000","220,566,000","219,703,000","204,264,000","164,204,000","147,942,000","125,507,000","103,007,000","78,180,000","63,689,000","42,370,000","28,426,000","20,796,000","13,284,000","9,577,000","7,263,000",,"637,000"
EarningsFromEquityInterestNetOfTax,"7,788,000","-32,277,000","-64,471,000","5,907,000","-592,000","-6,104,000","-2,105,000",,,,,,,,,,,,,,
NetIncomeCommonStockholders,"588,348,000","541,260,000","480,118,000","533,744,000","463,975,000","423,223,000","381,519,000","311,623,000","261,225,000","210,264,000","169,071,000","127,521,000","99,899,000","65,901,000","44,395,000","30,887,000","20,572,887","14,575,762","-38,893,596","4,230,000","-878,000"
	NetIncome,"588,348,000","541,260,000","480,118,000","533,744,000","463,975,000","423,223,000","381,519,000","311,623,000","261,225,000","210,264,000","169,071,000","127,521,000","99,899,000","65,901,000","44,395,000","30,887,000","20,572,887","14,575,762","-38,893,596","4,230,000","-878,000"
		NetIncomeIncludingNoncontrollingInterests,"591,950,000","545,034,000","483,168,000","530,228,000","463,975,000","423,223,000","381,519,000","311,623,000","261,225,000","210,264,000","169,071,000","127,521,000","99,899,000","65,901,000","44,395,000","30,887,000","20,572,887","14,575,762","-38,893,596","4,230,000","-878,000"
			NetIncomeContinuousOperations,"591,246,000","543,415,000","487,565,000","536,974,000","456,123,000","423,223,000","381,519,000","311,623,000","261,225,000","210,264,000","167,118,000","127,137,000","99,899,000","65,901,000","44,395,000","30,887,000","20,572,887","14,575,762","11,005,204","4,230,000","-878,000"
			NetIncomeDiscontinuousOperations,,"1,619,000","-4,397,000","-6,746,000","7,852,000",,,,"0","0","1,953,000","384,000",,,,,,,,,
			NetIncomeExtraordinary,,,,,,,,,,,,,,,,,,,"-49,898,800",,"0"
		MinorityInterests,"-3,602,000","-3,774,000","-3,050,000","3,516,000",,,,,,,,,,,,,,,,,
DilutedNIAvailtoComStockholders,"588,348,000","541,260,000","480,118,000","533,744,000","463,975,000","423,223,000","381,519,000","311,623,000","261,225,000","210,264,000","169,071,000","127,521,000","99,899,000","65,901,000","44,395,000","30,887,000","20,572,887","14,575,762","-38,893,596","4,230,000","-878,000"
BasicEPS,,"1.76","1.54","1.72","1.51","1.39","1.26","1.04","0.88","0.72","0.59","0.455","0.365","0.29","0.21","0.175","0.129","0.113","-0.275","0.03","-0.006"
DilutedEPS,,"1.75","1.53","1.71","1.5","1.38","1.25","1.02","0.87","0.71","0.58","0.445","0.355","0.275","0.2","0.158","0.115","0.1","-0.275","0.028","-0.006"
BasicAverageShares,,"310,155,000","314,428,000","308,607,000","306,897,000","304,722,000","302,343,000","299,574,000","295,810,000","292,252,000","286,542,000","281,082,000","272,976,000","227,244,828","211,404,762","176,497,143","159,789,414","129,562,329","141,230,336","141,000,000","140,480,000"
DilutedAverageShares,,"310,969,000","315,849,000","310,649,000","309,784,000","307,496,000","306,045,000","304,131,000","300,693,000","296,750,000","291,714,000","287,980,000","282,046,000","239,640,000","221,975,000","196,107,937","178,894,670","145,757,620","155,190,096","153,818,182","140,480,000"
TotalOperatingIncomeAsReported,"916,092,000","896,643,000","882,241,000","847,318,000","763,398,000","704,627,000","649,868,000","530,180,000","437,953,000","361,483,000","297,877,000","231,448,000","197,696,000","122,657,000","77,166,000","52,942,000","34,907,005","26,059,172","20,844,230","13,112,000","4,615,000"
TotalExpenses,"11,418,177,000","11,525,385,000","10,928,761,000","8,869,919,000","7,782,871,000","6,468,495,000","6,075,390,000","4,522,175,000","3,682,226,000","2,900,789,000","2,171,336,000","1,813,940,000","1,731,016,000","1,003,780,000","712,215,000","494,450,000","389,848,968","301,914,825","266,281,071","237,350,000","221,689,000"
NetIncomeFromContinuingAndDiscontinuedOperation,"588,348,000","541,260,000","480,118,000","533,744,000","463,975,000","423,223,000","381,519,000","311,623,000","261,225,000","210,264,000","169,071,000","127,521,000","99,899,000","65,901,000","44,395,000","30,887,000","20,572,887","14,575,762","11,005,204","4,230,000","-878,000"
NormalizedIncome,"649,117,930.519","600,758,784","532,515,772","551,756,794","481,642,662","436,119,771","391,398,890","320,117,040","262,980,138","217,061,536.774","167,182,341.59","125,766,040.372","104,271,428.54","65,147,470.08","43,493,334.203","30,510,200","20,296,288.086","14,505,475.031","10,901,741.297","4,230,000","-878,000"
InterestIncome,,"32,755,000","6,499,000","17,535,000","2,247,000","2,717,000","1,035,000","2,130,000","4,286,000","1,860,000","1,449,000","1,353,000",,,,,,,,,
InterestExpense,,"138,504,000","146,377,000","101,640,000","88,263,000","57,860,000","64,542,000","51,184,000","31,429,000","24,307,000","29,765,000","32,252,000",,,,,,,,,
NetInterestIncome,"-95,591,000","-105,749,000","-139,878,000","-84,105,000","-86,016,000","-55,143,000","-63,507,000","-49,054,000","-27,143,000","-22,447,000","-28,316,000","-30,899,000",,,,,,,,,
EBIT,"937,366,000","929,526,000","889,808,000","868,267,000","765,544,000","706,890,000","652,430,000","527,011,000","440,596,000","360,078,000","299,890,000","237,569,000","206,285,000","123,045,000","77,166,000","52,942,000","34,907,032","26,059,172","20,844,230","13,112,000","4,615,000"
EBITDA,"1,246,944,000"
ReconciledCostOfRevenue,"7,525,020,000","7,630,679,000","7,281,953,000","5,926,629,000","5,217,675,000","4,353,032,000","4,083,433,000","2,981,632,000","2,392,718,000","1,873,293,000","1,372,969,000","1,116,180,000","1,077,905,000","620,157,000","431,569,000","289,788,000","227,140,195","174,237,836","154,573,805","132,520,000","119,313,000"
ReconciledDepreciation,"309,578,000","314,406,000","294,077,000","230,203,000","206,086,000","128,192,000","125,437,000","86,463,000","70,165,000","54,505,000","41,428,000","38,062,000","33,421,000","18,018,000","12,086,000","8,574,000","6,871,858","5,446,104","5,013,840","7,897,000","7,541,000"
NetIncomeFromContinuingOperationNetMinorityInterest,"587,644,000","539,641,000","484,515,000","540,490,000","456,123,000","423,223,000","381,519,000","311,623,000","261,225,000","210,264,000","167,118,000","127,137,000","99,899,000","65,901,000","44,395,000","30,887,000","20,572,887","14,575,762","11,005,204","4,230,000","-878,000"
TotalUnusualItemsExcludingGoodwill,"-85,095,000","-83,953,000","-64,604,000","-16,258,000","-37,863,000","-19,511,000","-15,130,000","-12,968,000","-2,751,000","-10,855,000","-104,000","2,214,000","-7,160,000","1,238,000","1,479,000","628,000","455,200","116,469","171,744",,
TotalUnusualItems,"-85,095,000","-83,953,000","-64,604,000","-16,258,000","-37,863,000","-19,511,000","-15,130,000","-12,968,000","-2,751,000","-10,855,000","-104,000","2,214,000","-7,160,000","1,238,000","1,479,000","628,000","455,200","116,469","171,744",,
NormalizedEBITDA,"1,332,039,000","1,327,885,000","1,248,489,000","1,114,728,000","1,009,493,000","854,593,000","792,997,000","626,442,000","513,512,000","425,438,000","341,422,000","273,417,000","246,866,000","139,825,000","87,773,000","60,888,000","41,323,690","31,388,807","25,686,326","21,009,000","12,156,000"
TaxRateForCalcs,"0.278","0.272","0.257","0.307","0.326","0.339","0.347","0.345","0.362","0.374","0.381","0.381","0.389","0.391","0.39","0.4","0.392","0.397","0.398","0.4","0.4"
TaxEffectOfUnusualItems,"-23,621,069.481","-22,835,216","-16,603,228","-4,991,206","-12,343,338","-6,614,229","-5,250,110","-4,473,960","-995,862","-4,057,463.226","-39,658.41","843,040.372","-2,787,571.46","484,470.08","577,334.203","251,200","178,601.086","46,182.031","68,281.297","0","0"