name,ttm,03/31/2020,12/31/2019,09/30/2019,06/30/2019,03/31/2019,12/31/2018,09/30/2018,06/30/2018,03/31/2018,12/31/2017,09/30/2017,06/30/2017,03/31/2017,12/31/2016,09/30/2016,06/30/2016,03/31/2016,12/31/2015,09/30/2015,06/30/2015,03/31/2015,12/31/2014,09/30/2014,06/30/2014,03/31/2014,12/31/2013,09/30/2013,06/30/2013,03/31/2013,12/31/2012,09/30/2012,06/30/2012,03/31/2012,12/31/2011,09/30/2011,06/30/2011,03/31/2011,12/31/2010,09/30/2010,06/30/2010,03/31/2010,12/31/2009,09/30/2009,06/30/2009,03/31/2009,12/31/2008,09/30/2008,06/30/2008,03/31/2008,12/31/2007,09/30/2007,06/30/2007,03/31/2007,12/31/2006,09/30/2006,06/30/2006,03/31/2006,12/31/2005,09/30/2005,06/30/2005,03/31/2005,12/31/2004,09/30/2004,06/30/2004,03/31/2004,12/31/2003,09/30/2003,06/30/2003,03/31/2003,12/31/2002,09/30/2002,06/30/2002,03/31/2002,12/31/2001,09/30/2001,06/30/2001,03/31/2001,12/31/2000,09/30/2000,06/30/2000,03/31/2000,12/31/1999,09/30/1999,06/30/1999,03/31/1999,12/31/1998,09/30/1998,06/30/1998,03/31/1998,12/31/1997,09/30/1997,06/30/1997,03/31/1997,12/31/1996,09/30/1996,06/30/1996,03/31/1996,12/31/1995,09/30/1995,06/30/1995,03/31/1995,12/31/1994,09/30/1994,06/30/1994,03/31/1994,12/31/1993,09/30/1993,06/30/1993,03/31/1993,12/31/1992,09/30/1992,06/30/1992,03/31/1992,12/31/1991,09/30/1991,06/30/1991,03/31/1991,12/31/1990,09/30/1990,06/30/1990,03/31/1990,12/31/1989,09/30/1989,06/30/1989,03/31/1989,12/31/1988,09/30/1988,06/30/1988,03/31/1988,12/31/1987,09/30/1987,06/30/1987,03/31/1987,12/31/1986,09/30/1986,06/30/1986,03/31/1986,12/31/1985,09/30/1985
TotalRevenue,"2,922,125,000","719,587,000","753,914,000","743,264,000","705,360,000","692,605,000","704,322,000","758,427,000","747,905,000","785,052,000","793,090,000","768,338,000","793,842,000","723,126,000","715,241,000","748,370,000","700,165,000","619,551,000","659,557,000","673,086,000","708,650,000","702,346,000","718,984,000","703,895,000","693,881,000","681,396,000","720,092,000","669,852,000","670,417,000","667,763,000","673,900,000","640,295,000","630,692,000","648,591,000","626,978,000","669,897,000","717,108,000","713,430,000","721,928,000","674,794,000","674,165,000","671,420,000","690,479,000","659,896,000","613,084,000","617,211,000","719,988,000","966,137,000","1,054,031,000","1,069,123,000","1,186,644,000","1,172,351,000","1,205,968,000","1,141,797,000","1,132,973,000","1,030,685,000","1,038,220,000","1,052,149,000","688,989,000","466,388,000","437,686,000","745,862,000","636,788,000","567,965,000","538,937,000","622,774,000","506,422,000","457,729,000","423,339,000","471,837,000","379,755,000","371,366,000","392,424,000","420,855,000","403,805,000","335,068,000","346,322,000","514,134,000","349,085,000","329,904,000","343,130,000","411,858,000","342,729,000","301,600,000","314,600,000","289,206,000","260,500,000","247,600,000","248,800,000","269,860,000","227,100,000","212,900,000","179,200,000","176,306,000","167,300,000","147,200,000","148,800,000","162,343,000","122,400,000","119,900,000","111,400,000","100,491,000","92,900,000","88,600,000","89,800,000","96,400,000","103,100,000","106,800,000","91,300,000","92,200,000","85,200,000","77,700,000","81,200,000","79,700,000","76,000,000","68,800,000","67,900,000","64,200,000","56,700,000","61,800,000","60,100,000","58,700,000","63,600,000","62,000,000","59,400,000","53,200,000","56,200,000","52,200,000","51,800,000","51,600,000","55,400,000","56,200,000","52,400,000","47,700,000","34,700,000","32,000,000","34,300,000","34,300,000","29,200,000","23,500,000"
	OperatingRevenue,"2,916,409,000","717,577,000","752,645,000","742,136,000","704,051,000","691,435,000","702,634,000","756,438,000","746,685,000","783,526,000","791,455,000","767,652,000","792,717,000","722,178,000","713,992,000","746,922,000","699,157,000","619,019,000","659,096,000","672,530,000","707,962,000","700,592,000","717,953,000","702,451,000","692,416,000","679,744,000","717,362,000","667,872,000","668,405,000","665,754,000","672,060,000","638,527,000","630,692,000","648,591,000","626,978,000","669,897,000","717,108,000","713,430,000","721,928,000","674,794,000","674,165,000","671,420,000","690,479,000","659,896,000","613,084,000","617,211,000","719,988,000","966,137,000","1,054,031,000","1,015,122,000","1,206,000,000","1,194,757,000","1,236,519,000","1,161,745,000","1,165,920,000","1,053,091,000","1,049,949,000","1,081,556,000","716,236,000","486,093,000","449,706,000","690,831,000","658,278,000","585,516,000","554,927,000","576,483,000","521,166,000","472,721,000","440,150,000","647,289,000","319,036,000","310,346,000","339,720,000","420,855,000","403,805,000","288,435,000","273,200,000","726,798,000","274,015,000","263,951,000","271,489,000","411,804,000","342,800,000","301,600,000","314,600,000","289,200,000","260,500,000","247,600,000","248,800,000","269,800,000","227,100,000","212,900,000","179,200,000","176,300,000","167,300,000","147,200,000","148,800,000","162,400,000","122,400,000","119,900,000","111,400,000","100,500,000","92,900,000","88,600,000","89,800,000","96,400,000","103,100,000","106,800,000","91,300,000","92,200,000","85,200,000","77,700,000","81,200,000","79,700,000","76,000,000","68,800,000","67,900,000","64,200,000","56,700,000","61,800,000","60,100,000","58,700,000","63,600,000","62,000,000","59,400,000","53,200,000","56,200,000","52,200,000","51,800,000","51,600,000","55,400,000","56,200,000","52,400,000","47,700,000","34,700,000","32,000,000","34,300,000","34,300,000","29,200,000","23,500,000"
CostOfRevenue,"1,850,115,000","404,159,000","479,396,000","482,826,000","483,734,000","454,957,000","425,718,000","479,410,000","478,160,000","484,563,000","486,325,000","491,585,000","535,656,000","469,234,000","451,053,000","497,198,000","483,288,000","449,194,000","415,630,000","421,363,000","464,340,000","447,128,000","467,238,000","458,978,000","454,214,000","442,390,000","471,354,000","449,414,000","466,299,000","449,742,000","451,658,000","0","0","0","0","0","0","0","0","0","0","0","0","0","0",,,,,,,,,,,,,,,,,,,,,,,,,,,,,,,,,,,,,,,,,,,,,,,,,,,,,,,,,,,,,,,,"57,300,000",,,,,,,,,,,,,,,,,,,,,,,,,,,,,,,
GrossProfit,"1,072,010,000","315,428,000","274,518,000","260,438,000","221,626,000","237,648,000","278,604,000","279,017,000","269,745,000","300,489,000","306,765,000","276,753,000","258,186,000","253,892,000","264,188,000","251,172,000","216,877,000","170,357,000","243,927,000","251,723,000","244,310,000","255,218,000","251,746,000","244,917,000","239,667,000","239,006,000","248,738,000","220,438,000","204,118,000","218,021,000","222,242,000","640,295,000","630,692,000","648,591,000","626,978,000","669,897,000","717,108,000","713,430,000","721,928,000","674,794,000","674,165,000","671,420,000","690,479,000","659,896,000","613,084,000",,,,,,,,,,,,,,,,,,,,,,,,,,,,,,,,,,,,,,,,,,,,,,,,,,,,,,,,,,,,,,,,"34,000,000",,,,,,,,,,,,,,,,,,,,,,,,,,,,,,,
OperatingExpense,"567,765,000","148,924,000","144,524,000","135,461,000","138,856,000","159,523,000","149,831,000","143,144,000","143,643,000","216,297,000","138,359,000","132,334,000","133,531,000","144,003,000","118,022,000","123,539,000","143,322,000","136,454,000","113,572,000","118,693,000","119,767,000","126,268,000","132,378,000","114,562,000","120,121,000","119,665,000","127,086,000","114,072,000","120,584,000","175,008,000","121,565,000","560,561,000","554,615,000","576,379,000","567,655,000","563,045,000","616,742,000","614,290,000","624,936,000","586,895,000","571,388,000","565,584,000","611,331,000","582,012,000","554,769,000","-645,424,000","1,792,993,000","745,924,000","825,084,000","780,519,000","844,653,000","893,933,000","913,805,000","869,343,000","869,579,000","795,669,000","780,786,000","797,317,000","534,756,000","327,819,000","305,589,000","474,970,000","455,510,000","419,285,000","400,236,000","395,467,000","372,723,000","361,095,000","328,281,000","305,804,000","302,934,000","299,121,000","312,066,000","319,261,000","307,762,000","284,090,000","286,979,000","274,443,000","279,334,000","267,108,000","274,159,000","289,750,000","250,481,000","-55,000,000","-55,400,000","949,921,000","-51,800,000","-49,400,000","-46,500,000","809,675,000","-43,700,000","-42,300,000","-36,700,000","603,247,000","-36,400,000","-32,800,000","-33,000,000","514,812,000","-29,600,000","-29,900,000","-29,300,000","405,467,000","-26,700,000","-21,100,000","-24,700,000","-23,800,000","-23,700,000","-24,300,000","9,200,000","-22,500,000","-20,700,000","-19,100,000","-19,500,000","-38,700,000","-14,200,000","-13,100,000","-13,300,000","-13,100,000","-12,100,000","-13,400,000","-11,400,000",,,,,,,,,,,,,,,,,,,
	SellingGeneralAndAdministration,"335,815,000","84,564,000","89,591,000","80,762,000","80,898,000","86,208,000","80,741,000","84,841,000","81,644,000","83,156,000","79,221,000","76,470,000","74,711,000","78,719,000","76,167,000","81,839,000","85,874,000","85,983,000","84,259,000","75,561,000","74,664,000","75,584,000","80,321,000","67,334,000","68,907,000","73,402,000","69,606,000","64,890,000","65,208,000","121,083,000","69,472,000","510,776,000","507,969,000","528,313,000","511,362,000","507,659,000","566,242,000","563,111,000","573,250,000","534,521,000","527,140,000","502,383,000","568,387,000","538,174,000","514,350,000","1,604,940,000","195,238,000","322,183,000","377,668,000","326,899,000","366,377,000","430,231,000","446,010,000","404,906,000","415,820,000","368,260,000","379,582,000","406,767,000","318,697,000","209,937,000","191,782,000","354,961,000","347,110,000","313,474,000","300,210,000","308,021,000","278,622,000","259,036,000","245,728,000","219,788,000","225,078,000","217,523,000","235,091,000","240,721,000","226,470,000","202,616,000","213,619,000","201,100,000","206,031,000","197,736,000","199,909,000","210,367,000","185,800,000","170,500,000","176,100,000","162,500,000","147,000,000","138,100,000","137,100,000","160,800,000","129,200,000","120,600,000","100,800,000","102,100,000","93,600,000","82,800,000","84,400,000","97,000,000","71,200,000","68,400,000","62,900,000","57,100,000","54,800,000","58,100,000","53,200,000","57,300,000","59,100,000","59,700,000","7,100,000","52,900,000","50,200,000","44,600,000","46,200,000","26,900,000","48,800,000","44,500,000","44,400,000","41,300,000","36,600,000","39,400,000","40,100,000",,,,,,,,,,,,,,,,,,,
		GeneralAndAdministrativeExpense,"335,815,000","84,564,000","89,591,000","80,762,000","80,898,000","86,208,000","80,741,000","84,841,000","81,644,000","83,156,000","79,221,000","76,470,000","74,711,000","78,719,000","76,167,000","81,839,000","85,874,000","85,983,000","84,259,000","75,561,000","74,664,000","75,584,000","80,321,000","67,334,000","68,907,000","73,402,000","69,606,000","64,890,000","65,208,000","121,083,000","69,472,000","365,641,000","338,144,000","367,996,000","363,087,000","347,268,000","385,486,000","388,218,000","385,838,000","368,689,000","342,438,000","334,964,000","390,727,000","363,786,000","341,886,000","634,976,000","195,238,000","322,183,000","377,668,000","326,899,000","366,377,000","430,231,000","446,010,000","404,906,000","415,820,000","368,260,000","379,582,000","406,767,000","318,697,000","209,937,000","191,782,000","354,961,000","347,110,000","313,474,000","300,210,000","308,021,000","278,622,000","259,036,000","245,728,000","219,788,000","225,078,000","217,523,000","235,091,000","240,721,000","226,470,000","202,616,000","213,619,000","201,100,000","206,031,000","197,736,000","199,909,000","210,367,000","185,800,000","170,500,000","176,100,000","162,500,000","147,000,000","138,100,000","137,100,000","160,800,000","129,200,000","120,600,000","100,800,000","102,100,000","93,600,000","82,800,000","84,400,000","97,000,000","71,200,000","68,400,000","62,900,000","57,100,000","54,800,000","51,900,000","53,200,000","57,300,000","59,100,000","59,700,000",,"52,900,000","50,200,000","44,600,000","46,200,000","40,100,000","44,200,000","40,100,000","40,100,000","36,900,000","32,300,000","35,100,000","35,900,000",,,,,,,,,,,,,,,,,,,
			SalariesAndWages,,,,,,,,,,,,,,,,,,,,,,,,,,,,,,,,"302,492,000","270,262,000","299,345,000","263,220,000","269,997,000","311,747,000","311,503,000","309,180,000","295,883,000","268,787,000","267,270,000","287,657,000","287,559,000","268,812,000","237,127,000","195,238,000","322,183,000","377,668,000","326,899,000","366,377,000","430,231,000","446,010,000","404,906,000","415,820,000","368,260,000","379,582,000","406,767,000","318,697,000","209,937,000","191,782,000","354,961,000","347,110,000","313,474,000","300,210,000","308,021,000","278,622,000","259,036,000","245,728,000","219,788,000","225,078,000","217,523,000","235,091,000","240,721,000","226,470,000","202,616,000","213,619,000","201,100,000","206,031,000","197,736,000","199,909,000","210,367,000","185,800,000","170,500,000","176,100,000","162,500,000","147,000,000","138,100,000","137,100,000","160,800,000","129,200,000","120,600,000","100,800,000","102,100,000","93,600,000","82,800,000","84,400,000","97,000,000","71,200,000","68,400,000","62,900,000","57,100,000","54,800,000","51,900,000","53,200,000","57,300,000","59,100,000","59,700,000",,"52,900,000","50,200,000","44,600,000","46,200,000","40,100,000","44,200,000","40,100,000","40,100,000","36,900,000","32,300,000","35,100,000","35,900,000",,,,,,,,,,,,,,,,,,,
			RentAndLandingFees,"110,427,000","25,504,000","32,490,000","26,809,000","25,624,000","28,963,000","24,077,000","27,352,000","24,904,000","26,199,000","24,982,000","25,171,000","24,408,000","26,477,000","23,537,000","30,558,000","33,142,000","35,157,000","35,750,000","25,716,000","25,987,000","26,829,000","33,212,000","22,710,000","26,957,000","32,599,000","30,904,000","24,922,000","26,809,000","83,299,000","31,072,000","27,318,000","30,252,000","29,477,000","56,401,000","35,700,000","33,238,000","33,435,000","37,259,000","33,492,000","33,675,000","25,469,000","63,225,000","35,689,000","32,584,000",,,,,,,,,,,,,,,,,,,,,,,,,,,,,,,,,,,,,,,,,,,,,,,,,,,,,,,,,,,,,,,,,,,,,,,,,,,,,,,,,,,,,,,,,,,,,,,
			OtherGandA,"225,388,000","59,060,000","57,101,000","53,953,000","55,274,000","57,245,000","56,664,000","57,489,000","56,740,000","56,957,000","54,239,000","51,299,000","50,303,000","52,242,000","52,630,000","51,281,000","52,732,000","50,826,000","48,509,000","49,845,000","48,677,000","48,755,000","47,109,000","44,624,000","41,950,000","40,803,000","38,702,000","39,968,000","38,399,000","37,784,000","38,400,000","35,831,000","37,630,000","39,174,000","43,466,000","41,571,000","40,501,000","43,280,000","39,399,000","39,314,000","39,976,000","42,225,000","39,845,000","40,538,000","40,490,000",,,,,,,,,,,,,,,,,,,,,,,,,,,,,,,,,,,,,,,,,,,,,,,,,,,,,,,,,,,,,,,,,,,,,,,,,,,,,,,,,,,,,,,,,,,,,,,
		SellingAndMarketingExpense,,,,,,,,,,,,,,,,,,,,,,,,,,,,,,,,"145,135,000","169,825,000","160,317,000","148,275,000","160,391,000","180,756,000","174,893,000","187,412,000","165,832,000","184,702,000","167,419,000","177,660,000","174,388,000","172,464,000",,,,,,,,,,,,,,,,,,,,,,,,,,,,,,,,,,,,,,,,,,,,,,,,,,,,,,,,,,,"6,200,000",,,,,,,,,,,"4,600,000","4,400,000","4,300,000","4,400,000","4,300,000","4,300,000","4,200,000",,,,,,,,,,,,,,,,,,,
	DepreciationAmortizationDepletionIncomeStatement,"22,539,000","5,636,000","6,004,000","5,442,000","5,457,000","6,033,000","6,089,000","6,102,000","6,180,000","6,112,000","6,071,000","6,082,000","6,339,000","6,939,000","7,277,000","6,271,000","5,703,000","2,072,000","1,580,000","670,000","657,000","597,000","669,000","464,000","895,000","896,000","4,170,000","3,624,000","3,624,000","3,505,000","3,505,000","3,504,000","3,505,000","3,623,000","4,869,000","5,504,000","5,578,000","5,660,000","5,776,000","5,749,000","5,728,000","5,731,000","5,746,000","5,664,000","5,628,000","8,013,000","9,252,000","9,599,000","9,624,000","13,686,000","14,155,000","14,375,000","15,055,000","16,714,000","17,337,000","17,328,000","17,031,000","16,251,000","10,520,000","5,844,000","5,845,000","6,160,000","5,464,000","5,464,000","5,439,000","5,483,000","5,412,000","5,296,000","5,992,000","6,163,000","6,207,000","6,227,000","6,318,000","6,206,000","6,258,000","4,531,000","8,198,000","9,329,000",,,"8,597,000","9,809,000",,,,,,,,,,,,,,,,,,,,,,,,,,,"2,100,000",,,,,,,,,,,,,,,,,,,,,,,,,,,,,,,
		DepreciationAndAmortizationInIncomeStatement,"22,539,000","5,636,000","6,004,000","5,442,000","5,457,000","6,033,000","6,089,000","6,102,000","6,180,000","6,112,000","6,071,000","6,082,000","6,339,000","6,939,000","7,277,000","6,271,000","5,703,000","2,072,000","1,580,000","670,000","657,000","597,000","669,000","464,000","895,000","896,000","4,170,000","3,624,000","3,624,000","3,505,000","3,505,000","3,504,000","3,505,000","3,623,000","4,869,000","5,504,000","5,578,000","5,660,000","5,776,000","5,749,000","5,728,000","5,731,000","5,746,000","5,664,000","5,628,000","8,013,000","9,252,000","9,599,000","9,624,000","13,686,000","14,155,000","14,375,000","15,055,000","16,714,000","17,337,000","17,328,000","17,031,000","16,251,000","10,520,000","5,844,000","5,845,000","6,160,000","5,464,000","5,464,000","5,439,000","5,483,000","5,412,000","5,296,000","5,992,000","6,163,000","6,207,000","6,227,000","6,318,000","6,206,000","6,258,000","4,531,000",,,,,,,,,,,,,,,,,,,,,,,,,,,,,,,,,"2,100,000",,,,,,,,,,,,,,,,,,,,,,,,,,,,,,,
			DepreciationIncomeStatement,,,,,,,,,,,,,,,,,,,,,,,,,,,,,,,,,,,,,,,,,,,,,,,,,,,,,,,,,,,,,,,,,,,,,,,,,,,,,,,,,,,,,,,,,,,,,,,,,,,,,,,,,,,,,"2,100,000",,,,,,,,,,,,,,,,,,,,,,,,,,,,,,,
			Amortization,"22,539,000","5,636,000","6,004,000","5,442,000","5,457,000","6,033,000","6,089,000","6,102,000","6,180,000","6,112,000","6,071,000","6,082,000","6,339,000","6,939,000","7,277,000","6,271,000","5,703,000","2,072,000","1,580,000","670,000","657,000","597,000","669,000","464,000","895,000","896,000","4,170,000","3,624,000","3,624,000","3,505,000","3,505,000","3,504,000","3,505,000","3,623,000","4,869,000","5,504,000","5,578,000","5,660,000","5,776,000","5,749,000","5,728,000","5,731,000","5,746,000","5,664,000","5,628,000","8,013,000","9,252,000","9,599,000","9,624,000","13,686,000","14,155,000","14,375,000","15,055,000","16,714,000","17,337,000","17,328,000","17,031,000","16,251,000","10,520,000","5,844,000","5,845,000","6,160,000","5,464,000","5,464,000","5,439,000","5,483,000","5,412,000","5,296,000","5,992,000","6,163,000","6,207,000","6,227,000","6,318,000","6,206,000","6,258,000","4,531,000",,,,,,,,,,,,,,,,,,,,,,,,,,,,,,,,,,,,,,,,,,,,,,,,,,,,,,,,,,,,,,,,
				AmortizationOfIntangiblesIncomeStatement,"22,539,000","5,636,000","6,004,000","5,442,000","5,457,000","6,033,000","6,089,000","6,102,000","6,180,000","6,112,000","6,071,000","6,082,000","6,339,000","6,939,000","7,277,000","6,271,000","5,703,000","2,072,000","1,580,000","670,000","657,000","597,000","669,000","464,000","895,000","896,000","4,170,000","3,624,000","3,624,000","3,505,000","3,505,000","3,504,000","3,505,000","3,623,000","4,869,000","5,504,000","5,578,000","5,660,000","5,776,000","5,749,000","5,728,000","5,731,000","5,746,000","5,664,000","5,628,000","8,013,000","9,252,000","9,599,000","9,624,000","13,686,000","14,155,000","14,375,000","15,055,000","16,714,000","17,337,000","17,328,000","17,031,000","16,251,000","10,520,000","5,844,000","5,845,000","6,160,000","5,464,000","5,464,000","5,439,000","5,483,000","5,412,000","5,296,000","5,992,000","6,163,000","6,207,000","6,227,000","6,318,000","6,206,000","6,258,000","4,531,000",,,,,,,,,,,,,,,,,,,,,,,,,,,,,,,,,,,,,,,,,,,,,,,,,,,,,,,,,,,,,,,,
	OtherTaxes,,,,,,,,,,,,,,,,,,,,,,,,,,,,,,,,,,,,,,,,,,,,,,,,,,"-1,305,860,000","-938,171,000","-893,933,000","-913,805,000","-869,343,000","-869,579,000","-795,669,000","-780,786,000","-797,317,000","-534,756,000","-327,819,000","-305,589,000","-474,970,000","-455,510,000","-419,285,000","-400,236,000","-395,467,000","-372,723,000","-361,095,000","-328,281,000",,,,,"-319,261,000","-307,762,000",,,,,,,"-289,841,000","-250,400,000","-225,500,000","-231,500,000","-232,400,000","-198,800,000","-187,500,000","-183,600,000","-213,600,000","-172,900,000","-162,900,000","-137,500,000","-138,200,000","-130,000,000","-115,600,000","-117,400,000","-134,700,000","-100,800,000","-98,300,000","-92,200,000","-88,200,000","-81,500,000","-79,200,000","-77,900,000","-81,100,000","-82,800,000","-84,000,000",,"-75,400,000","-70,900,000","-63,700,000","-65,700,000","-65,600,000","-63,000,000","-57,600,000","-57,700,000","-54,400,000","-48,700,000","-52,800,000","-51,500,000",,,,,,,,,,,,,,,,,,,
	OtherOperatingExpenses,"209,411,000","58,724,000","48,929,000","49,257,000","52,501,000","67,282,000","63,001,000","52,201,000","55,819,000","127,029,000","53,067,000","49,782,000","52,481,000","58,345,000","34,578,000","35,429,000","51,745,000","48,399,000","27,733,000","42,462,000","44,446,000","50,087,000","51,388,000","46,764,000","50,319,000","45,367,000","53,310,000","45,558,000","51,752,000","50,420,000","48,588,000","46,281,000","43,141,000","44,443,000","51,424,000","49,882,000","44,922,000","45,519,000","45,910,000","46,625,000","38,520,000","57,470,000","37,198,000","38,174,000","34,791,000","-2,258,377,000","1,588,503,000","414,142,000","437,792,000","4,884,828,000","1,402,292,000","1,343,260,000","1,366,545,000","1,317,066,000","1,306,001,000","1,205,750,000","1,164,959,000","1,171,616,000","740,295,000","439,857,000","413,551,000","588,819,000","558,446,000","519,632,000","494,823,000","477,430,000","461,412,000","457,858,000","404,842,000","1,299,778,000","71,649,000","75,371,000","70,657,000","391,595,000","382,796,000","76,943,000","65,162,000","1,159,058,000","73,303,000","69,372,000","65,653,000","359,415,000","315,081,000",,,,,,,,,,,,,,,,,,,,,,,,,,,,,,,,,,,,,,,,,,,,,,,,,,,,,,,,,
OperatingIncome,"504,245,000","166,504,000","129,994,000","124,977,000","82,770,000","78,125,000","128,773,000","135,873,000","126,102,000","84,192,000","168,406,000","144,419,000","124,655,000","109,889,000","146,166,000","127,633,000","73,555,000","33,903,000","130,355,000","133,030,000","124,543,000","128,950,000","119,368,000","130,355,000","119,546,000","119,341,000","121,652,000","106,366,000","83,534,000","43,013,000","100,677,000","79,734,000","76,077,000","72,212,000","59,323,000","106,852,000","100,366,000","99,140,000","96,992,000","87,899,000","102,777,000","105,836,000","79,148,000","77,884,000","58,315,000","1,262,635,000","-1,073,005,000","220,213,000","228,947,000","288,604,000","341,991,000","278,418,000","292,163,000","272,454,000","263,394,000","235,016,000","257,434,000","254,832,000","154,233,000","138,569,000","132,097,000","270,892,000","181,278,000","148,680,000","138,701,000","227,307,000","133,699,000","96,634,000","95,058,000","166,033,000","76,821,000","72,245,000","80,358,000","101,594,000","96,043,000","50,978,000","59,343,000","239,691,000","69,751,000","62,796,000","68,971,000","122,108,000","92,248,000","356,600,000","370,000,000","-660,715,000","312,300,000","297,000,000","295,300,000","-539,815,000","270,800,000","255,200,000","215,900,000","-426,941,000","203,700,000","180,000,000","181,800,000","-352,469,000","152,000,000","149,800,000","140,700,000","-304,976,000","119,600,000","109,700,000","114,500,000","120,200,000","126,800,000","131,100,000","24,800,000","114,700,000","105,900,000","96,800,000","100,700,000","118,400,000","90,200,000","81,900,000","81,200,000","77,300,000","68,800,000","75,200,000","71,500,000","265,700,000","63,600,000","62,000,000","59,400,000","238,500,000","56,200,000","52,200,000","51,800,000","243,000,000","55,400,000","56,200,000","52,400,000","168,700,000","34,700,000","32,000,000","34,300,000","124,000,000","29,200,000","23,500,000"
NetNonOperatingInterestIncomeExpense,"-97,576,000","-24,269,000","-24,150,000","-24,679,000","-24,478,000","-24,610,000","-25,644,000","-27,440,000","-27,471,000","-28,202,000","-27,261,000","-27,505,000","-27,798,000","-29,479,000","-27,782,000","-26,380,000","-22,717,000","-13,520,000","-6,626,000","-12,051,000","-10,632,000","-12,503,000","-10,503,000","-13,295,000","-14,533,000","-12,618,000","-11,009,000","-11,488,000","-11,429,000","-13,720,000","-11,918,000","-12,400,000","-17,291,000","-18,889,000","-19,254,000","-18,654,000","-19,306,000","-19,466,000","-20,180,000","-22,279,000","-20,986,000","-23,537,000","-27,016,000","-26,828,000","-41,569,000","-35,090,000","-29,017,000","-16,743,000","-13,343,000",,,,,,,,,,,,,,,,,,,,,,,,,,,,,,,,,,,,,,,,,,,,,,,,,,,,,,,,,,,,,,,,,,,,,,,,,,,,,,,,,,,,,,,,,,,
	InterestIncomeNonOperating,"12,294,000","2,755,000","2,882,000","2,652,000","4,005,000","4,184,000","3,126,000","2,420,000","2,446,000","2,239,000","1,827,000","1,572,000","1,468,000","1,709,000","1,713,000","1,545,000","1,848,000","1,711,000","1,377,000","1,229,000","1,317,000","1,555,000","1,680,000","1,680,000","2,525,000","1,676,000","1,681,000","1,371,000","1,639,000","2,290,000","1,646,000","1,718,000","1,936,000","2,867,000","2,577,000","2,982,000","3,055,000","3,052,000","2,209,000","2,170,000","1,815,000","1,584,000","2,225,000","1,737,000","1,821,000","3,511,000","8,468,000","21,025,000","23,268,000",,,,,,,,,,,,,,,,,,,,,,,,,,,,,,,,,,,,,,,,,,,,,,,,,,,,,,,,,,,,,,,,,,,,,,,,,,,,,,,,,,,,,,,,,,,
	InterestExpenseNonOperating,"109,870,000","27,024,000","27,032,000","27,331,000","28,483,000","28,794,000","28,770,000","29,860,000","29,917,000","30,441,000","29,088,000","29,077,000","29,266,000","31,188,000","29,495,000","27,925,000","24,565,000","15,231,000","8,003,000","13,280,000","11,949,000","14,058,000","12,183,000","14,975,000","17,058,000","14,294,000","12,690,000","12,859,000","13,068,000","16,010,000","13,564,000","14,118,000","19,227,000","21,756,000","21,831,000","21,636,000","22,361,000","22,518,000","22,389,000","24,449,000","22,801,000","25,121,000","29,241,000","28,565,000","43,390,000","38,601,000","37,485,000","37,768,000","36,611,000",,,,,,,,,,,,,,,,,,,,,,,,,,,,,,,,,,,,,,,,,,,,,,,,,,,,,,,,,,,,,,,,,,,,,,,,,,,,,,,,,,,,,,,,,,,
OtherIncomeExpense,"3,865,000","-41,270,000","18,823,000","4,987,000","21,325,000","21,767,000","-369,873,000","2,484,000","10,409,000","611,000","-181,995,000","9,383,000","-5,065,000","22,415,000","-27,416,000","15,181,000","9,813,000","-13,935,000","-365,990,000","-30,413,000","6,118,000","10,388,000","9,200,000","-108,235,000","9,255,000","5,225,000","15,312,000","11,973,000","2,782,000","19,353,000","-727,523,000","30,158,000","-76,767,000","56,670,000","7,679,000","-32,421,000","8,505,000","22,952,000","10,344,000","37,688,000","-9,684,000","19,421,000","20,107,000","23,937,000","63,958,000","-1,910,700,000","-1,160,900,000","-363,288,000","-265,566,000","-676,341,000","-93,518,000","4,252,000","14,060,000","4,241,000","18,656,000","6,359,000","-1,142,000","7,476,000","14,740,000","7,321,000","10,850,000",,,,,,,,,,,,,,,,,,,,,,,,,,,,,,,,,,,,,,,,,,,,,,,,,,"-5,200,000",,,,,,,,,,,,,,,,,,,,,,,,,,,,,
	GainOnSaleOfSecurity,"16,262,000","1,358,000","814,000","4,529,000","9,561,000","-2,519,000","2,369,000","-3,998,000","3,583,000","-1,535,000","8,225,000","2,094,000","997,000","3,437,000","1,458,000","5,206,000","3,228,000","-3,837,000","-1,510,000","-2,303,000","407,000","1,201,000","1,759,000","-79,000","3,007,000","-3,224,000","690,000","2,311,000","2,697,000","3,259,000","-3,449,000",,,,,,,,,,,,,,,,,,,,,,,,,,,,,,,,,,,,,,,,,,,,,,,,,,,,,,,,,,,,,,,,,,,,,,,,,,,,,,,,,,,,,,,,,,,,,,,,,,,,,,,,,,,,,
	SpecialIncomeCharges,"915,000","-250,000","0","0","1,165,000","0","-365,200,000","-145,000","-426,000","15,518,000","-195,739,000","0","-17,450,000","0","-35,000,000",,,"0","-371,000,000",,,,,,,"0","0",,,"0","-734,000,000","30,158,000","-76,767,000","56,670,000","7,679,000","-32,421,000","8,505,000","22,952,000","10,344,000","37,688,000","-9,684,000","19,421,000","20,107,000","23,937,000","63,958,000","-1,910,700,000","-1,160,900,000","-363,288,000","-265,566,000","-676,341,000","-93,518,000","4,252,000","14,060,000","4,241,000","18,656,000","6,359,000","-1,142,000","7,476,000","14,740,000","7,321,000","10,850,000","0","0","0","0","-17,500,000","0","0","0","0","0","0","0","0","0","0","0",,,"0","0","0","0",,,,,,,,,,,,,,,,,,,,,,,,,,,,"-5,200,000",,,,,,,,,,,,,,,,,,,,,,,,,,,,,
		RestructuringAndMergernAcquisition,"-915,000","250,000","0","0","-1,165,000","0","0","145,000","426,000","-15,518,000","739,000","0","-16,550,000",,,,,,,,,,,,,,,,,,,,,,,,,,,,,,,,,,,,,,,,,,,,,,,,,,,,,,,,,,,,,,,,,,,,,,,,,,,,,,,,,,,,,,,,,,,,,,,,,,"5,200,000",,,,,,,,,,,,,,,,,,,,,,,,,,,,,
		ImpairmentOfCapitalAssets,"0","0","0",,,"0","365,200,000","0",,"0","195,000,000","0","34,000,000","0","35,000,000",,,"0","371,000,000",,,,,,,"0","0",,,"0","734,000,000",,,,,,,,,,,"0","0",,,,,,,,,,,,,,,,,,,,,,,,,,,,,,,,,,,,,,,,,,,,,,,,,,,,,,,,,,,,,,,,,,,,,,,,,,,,,,,,,,,,,,,,,,,,,,,,,
		OtherSpecialCharges,,,,,,,,,,,,,,,,,,,,,,,,,,,,,,,,,,,,,,,,,,"-19,421,000","-20,107,000",,,,,,,,,,,,,,,,,,,,,,,,,,,,,,,,,,,,,,,,,,,,,,,,,,,,,,,,,,,,,,,,,,,,,,,,,,,,,,,,,,,,,,,,,,,,,,,,,
	OtherNonOperatingIncomeExpenses,"-13,312,000","-42,378,000","18,009,000","458,000","10,599,000","24,286,000","-7,042,000","6,627,000","7,252,000","-13,372,000","5,519,000","7,289,000","11,388,000","18,978,000","6,126,000","9,975,000","6,585,000","-10,098,000","6,520,000","-28,110,000","5,711,000","9,187,000","7,441,000","-108,156,000","6,248,000","8,449,000","14,622,000","9,662,000","85,000","16,094,000","9,926,000",,,,,,,,,,,,,,,,,,,,,,,,,,,,,,,,,,,,,,,,,,,,,,,,,,,,,,,,,,,,,,,,,,,,,,,,,,,,,,,,,,,,,,,,,,,,,,,,,,,,,,,,,,,,,
PretaxIncome,"410,534,000","100,965,000","124,667,000","105,285,000","79,617,000","75,282,000","-266,744,000","110,917,000","109,040,000","56,601,000","-40,850,000","126,297,000","91,792,000","102,825,000","90,968,000","116,434,000","60,651,000","6,448,000","-242,261,000","90,566,000","120,029,000","126,835,000","118,065,000","8,825,000","114,268,000","111,948,000","125,955,000","106,851,000","74,887,000","48,646,000","-638,764,000","97,492,000","-17,981,000","109,993,000","47,748,000","55,777,000","89,565,000","102,626,000","87,156,000","103,308,000","72,107,000","101,720,000","72,239,000","74,993,000","80,704,000","-683,155,000","-2,262,922,000","-159,818,000","-49,962,000","-392,888,000","246,992,000","284,197,000","305,570,000","274,295,000","277,834,000","238,742,000","252,983,000","256,989,000","168,655,000","147,707,000","142,111,000","190,048,000","181,278,000","148,680,000","138,701,000","146,652,000","133,699,000","96,634,000","95,058,000","78,897,000","76,821,000","72,245,000","80,358,000","75,924,000","67,004,000","50,978,000","59,343,000","64,302,000","69,751,000","62,796,000","68,971,000","80,887,000","55,683,000","47,200,000","55,400,000","32,675,000","38,400,000","36,700,000","41,000,000","34,579,000","34,800,000","32,000,000","27,000,000","24,502,000","25,600,000","23,200,000","22,000,000","19,554,000","15,400,000","15,600,000","13,200,000","7,089,000","7,000,000","5,400,000","8,300,000","10,900,000","16,300,000","18,800,000","13,200,000","14,100,000","11,200,000","11,200,000","12,400,000","10,900,000","9,600,000","7,700,000","6,800,000","6,100,000","4,100,000","5,700,000","5,200,000",,,,,,,,,,,,,,,,,,,
TaxProvision,"106,048,000","25,582,000","33,664,000","28,754,000","18,048,000","20,396,000","-60,354,000","29,844,000","30,675,000","39,958,000","-209,396,000","38,673,000","28,255,000","12,521,000","26,441,000","29,902,000","15,311,000","58,606,000","-103,651,000","27,647,000","25,090,000","42,807,000","38,017,000","3,804,000","40,656,000","46,856,000","46,004,000","19,153,000","25,792,000","17,955,000","-180,214,000","16,397,000","-4,997,000","33,184,000","12,607,000","-1,606,000","27,867,000","31,858,000","33,792,000","26,720,000","27,064,000","36,619,000","26,006,000","27,671,000","28,380,000","-361,354,000","-774,951,000","-55,813,000","-18,735,000","-137,488,000","92,319,000","106,574,000","114,590,000","102,046,000","103,652,000","95,019,000","96,895,000","102,171,000","64,881,000","55,572,000","52,971,000","72,403,000","68,568,000","57,018,000","52,287,000","54,727,000","52,866,000","37,260,000","36,692,000","30,231,000","28,967,000","26,874,000","31,340,000","29,827,000","25,916,000","20,588,000","23,982,000","26,983,000","28,430,000","25,590,000","28,587,000","32,846,000","22,341,000","18,900,000","22,600,000","12,241,000","15,600,000","15,000,000","16,600,000","13,758,000","14,100,000","13,200,000","11,200,000","10,009,000","10,300,000","9,300,000","9,100,000","7,887,000","6,200,000","6,400,000","5,400,000","3,031,000","2,900,000","2,300,000","3,300,000","4,300,000","6,400,000","7,400,000","5,100,000","5,400,000","4,200,000","4,400,000","4,800,000","4,300,000","3,800,000","3,100,000","2,700,000","2,400,000","1,600,000","2,200,000","2,000,000",,,,,,,,,,,,,,,,,,,
NetIncomeCommonStockholders,"243,272,000","62,204,000","72,347,000","64,870,000","43,840,000","48,452,000","-217,937,000","70,226,000","63,766,000","8,780,000","143,875,000","72,977,000","49,184,000","73,414,000","49,733,000","64,258,000","32,401,000","-45,886,000","-139,191,000","62,704,000","92,221,000","76,619,000","77,036,000","4,897,000","72,188,000","68,947,000","81,734,000","86,288,000","47,815,000","29,204,000","-453,870,000","80,797,000","-9,458,000","76,069,000","28,132,000","56,664,000","59,952,000","69,037,000","61,620,000","75,335,000","47,931,000","63,607,000","44,922,000","45,774,000","50,054,000","-325,081,000","-1,487,823,000","-103,751,000","-31,273,000","-255,451,000","154,582,000","177,464,000","191,015,000","172,474,000","174,633,000","143,676,000","156,035,000","150,054,000","760,303,000","121,036,000","112,775,000","117,645,000","112,710,000","91,662,000","86,414,000","91,925,000","80,833,000","66,640,000","58,366,000","48,666,000","47,854,000","45,371,000","49,018,000","46,097,000","41,088,000","30,390,000","35,361,000","37,319,000","41,321,000","37,206,000","40,384,000","48,041,000","33,342,000","28,300,000","32,800,000","20,434,000","22,800,000","21,700,000","24,400,000","20,821,000","20,700,000","18,800,000","15,800,000","14,493,000","15,300,000","13,900,000","12,900,000","11,667,000","9,200,000","9,200,000","7,800,000","4,058,000","4,100,000","3,100,000","5,000,000","6,600,000","9,900,000","11,400,000","8,100,000","8,700,000","7,000,000","6,800,000","7,600,000","6,600,000","5,800,000","4,600,000","4,100,000","3,700,000","2,500,000","3,500,000","3,200,000","1,700,000","3,700,000","3,400,000","3,100,000","900,000","2,700,000","1,000,000","1,300,000","1,900,000","200,000","3,000,000","2,400,000","3,000,000","2,300,000","2,200,000","2,800,000","3,000,000","2,300,000","1,200,000"
	NetIncome,"251,367,000","64,159,000","74,775,000","67,083,000","45,350,000","49,487,000","-216,888,000","72,803,000","66,090,000","9,269,000","149,222,000","75,664,000","50,920,000","75,924,000","51,439,000","66,441,000","33,452,000","-45,273,000","-138,626,000","64,319,000","94,548,000","82,959,000","77,036,000","4,897,000","72,188,000","68,947,000","81,734,000","86,288,000","47,815,000","29,204,000","-453,870,000","80,797,000","-9,458,000","76,069,000","28,132,000","56,664,000","59,952,000","69,037,000","61,620,000","75,335,000","47,931,000","63,607,000","44,922,000","45,774,000","50,054,000","-325,081,000","-1,487,823,000","-103,751,000","-31,273,000","-255,451,000","154,582,000","177,464,000","191,015,000","172,474,000","174,633,000","143,676,000","156,035,000","150,054,000","760,303,000","121,036,000","112,775,000","117,645,000","112,710,000","91,662,000","86,414,000","91,925,000","80,833,000","66,640,000","58,366,000","48,666,000","47,854,000","45,371,000","49,018,000","46,097,000","41,088,000","30,390,000","35,361,000","37,319,000","41,321,000","37,206,000","40,384,000","48,041,000","33,342,000","28,300,000","32,800,000","20,434,000","22,800,000","21,700,000","24,400,000","20,821,000","20,700,000","18,800,000","15,800,000","14,493,000","15,300,000","13,900,000","12,900,000","11,667,000","9,200,000","9,200,000","7,800,000","4,058,000","4,100,000","3,100,000","5,000,000","6,600,000","9,900,000","11,400,000","8,100,000","8,700,000","7,000,000","6,800,000","7,600,000","6,600,000","5,800,000","4,600,000","4,100,000","3,700,000","2,500,000","3,500,000","3,200,000","1,700,000","3,700,000","3,400,000","3,100,000","900,000","2,700,000","1,000,000","1,300,000","1,900,000","200,000","3,000,000","2,400,000","3,000,000","2,300,000","2,200,000","2,800,000","3,000,000","2,300,000","1,200,000"
		NetIncomeIncludingNoncontrollingInterests,"304,486,000","75,383,000","91,003,000","76,531,000","61,569,000","54,886,000","-206,390,000","81,073,000","78,365,000","16,643,000","168,546,000","87,624,000","63,537,000","90,304,000","64,527,000","86,532,000","45,340,000","-52,158,000","-138,610,000","62,919,000","94,939,000","84,028,000","80,048,000","5,021,000","73,612,000","65,092,000","79,951,000","87,698,000","49,095,000","30,691,000","-458,550,000","81,095,000","-12,984,000","76,809,000","35,141,000","57,383,000","61,698,000","70,768,000","53,364,000","76,588,000","45,043,000","65,101,000","46,233,000","47,322,000","52,324,000","-321,801,000","-1,487,971,000","-104,005,000","-31,227,000","-255,400,000","154,673,000","177,623,000","190,980,000","172,249,000","174,754,000","143,723,000","156,088,000","153,225,000","763,292,000","121,036,000","112,775,000","117,645,000","112,710,000","91,662,000","86,414,000","91,925,000","80,833,000","66,640,000","58,366,000","48,666,000","47,854,000","45,371,000","49,018,000","46,097,000","41,088,000","30,390,000","35,361,000","37,319,000","41,321,000","37,206,000","40,384,000","48,041,000","33,342,000","28,300,000","32,800,000","20,434,000","22,800,000","21,700,000","24,400,000","20,821,000","20,700,000","18,800,000","15,800,000","14,493,000","15,300,000","13,900,000","12,900,000","11,667,000","9,200,000","9,200,000","7,800,000","4,058,000","4,100,000","3,100,000","5,000,000","6,600,000","9,900,000","11,400,000","8,100,000","8,700,000","7,000,000","6,800,000","7,600,000","6,600,000","5,800,000","4,600,000","4,100,000","3,700,000","2,500,000","3,500,000","3,200,000","1,700,000","3,700,000","3,400,000","3,100,000","900,000","2,700,000","1,000,000","1,300,000","1,900,000","200,000","3,000,000","2,400,000","3,000,000","2,300,000","2,200,000","2,800,000","3,000,000","2,300,000","1,200,000"
			NetIncomeContinuousOperations,"304,486,000","75,383,000","91,003,000","76,531,000","61,569,000","54,886,000","-206,390,000","81,073,000","78,365,000","16,643,000","168,546,000","87,624,000","63,537,000","90,304,000","64,527,000","86,532,000","45,340,000","-52,158,000","-138,610,000","62,919,000","94,939,000","84,028,000","80,048,000","5,021,000","73,612,000","65,092,000","79,951,000","87,698,000","49,095,000","30,691,000","-458,550,000","81,095,000","-12,984,000","76,809,000","35,141,000","57,383,000","61,698,000","70,768,000","53,364,000","76,588,000","45,043,000","65,101,000","46,233,000","47,322,000","52,324,000","-324,725,000","-1,487,971,000","-104,005,000","-31,227,000","-255,451,000","154,582,000","177,464,000","191,015,000","172,474,000","174,061,000","143,676,000","156,035,000","151,647,000","100,785,000","92,135,000","89,140,000","117,645,000","112,710,000","91,662,000","86,414,000","91,925,000","80,833,000","59,374,000","58,366,000","48,666,000","47,854,000","45,371,000","49,018,000","46,097,000","41,088,000","30,390,000","35,361,000","37,319,000","41,321,000","37,206,000","40,384,000","48,041,000","33,342,000","28,300,000","32,800,000","20,434,000","22,800,000","21,700,000","24,400,000","20,821,000","20,700,000","18,800,000","15,800,000","14,493,000","15,300,000","13,900,000","12,900,000","11,667,000","9,200,000","9,200,000","7,800,000","4,058,000","4,100,000","3,100,000","5,000,000","6,600,000","9,900,000","11,400,000","8,100,000","8,700,000","7,000,000","6,800,000","7,600,000","6,600,000","5,800,000","4,600,000","4,100,000","3,700,000","2,500,000","3,500,000","3,200,000","1,700,000","3,700,000","3,400,000","3,100,000","900,000","2,700,000","1,000,000","1,300,000","1,900,000","200,000","3,000,000","2,400,000","3,000,000","2,300,000","2,200,000","2,800,000","3,000,000","2,300,000","1,200,000"
			NetIncomeDiscontinuousOperations,,,,,,,,,,,,,,,,,,,,,,,,,,,,,,,,,,,,,,,,,,,,,,,,,,"0","0",,,"0","572,000","0","0","-1,593,000","659,518,000","28,901,000","23,635,000","0","0","0","0","0","0","7,266,000",,,,,,,,,,,,,,,,,,,,,,,,,,,,,,,,,,,,,,,,,,,,,,,,,,,,,,,,,,,,,,,,,,,,,,,,
		MinorityInterests,"-53,119,000","-11,224,000","-16,228,000","-9,448,000","-16,219,000","-5,399,000","-10,498,000","-8,270,000","-12,275,000","-7,374,000","-19,324,000","-11,960,000","-12,617,000","-14,380,000","-13,088,000","-20,091,000","-11,888,000","6,885,000","-16,000","1,400,000","-391,000","-1,069,000","-3,012,000","-124,000","-1,424,000","3,855,000","1,783,000","-1,410,000","-1,280,000","-1,487,000","4,680,000","-298,000","3,526,000","-740,000","-7,009,000","-719,000","-1,746,000","-1,731,000","8,256,000","-1,253,000","2,888,000","-1,494,000","-1,311,000","-1,548,000","-2,270,000","-3,280,000","148,000","254,000","-46,000","-51,000","-91,000","-159,000","35,000","225,000","-121,000","-47,000","-53,000","-3,171,000","-2,989,000",,,,,,,,,,,,,,,,,,,,,,,,,,,,,,,,,,,,,,,,,,,,,,,,,,,,,,,,,,,,,,,,,,,,,,,,,,,,,,,,,
	OtherunderPreferredStockDividend,"8,095,000","1,955,000","2,428,000","2,213,000","1,510,000","1,035,000","1,049,000","2,577,000","2,324,000","489,000","5,347,000","2,687,000","1,736,000","2,510,000","1,706,000","2,183,000","1,051,000","613,000","565,000","1,615,000","2,327,000",,,,,,,,,,,,,,,,,,,,,,,,,,,,,,,,,,,,,,,,,,,,,,,,,,,,,,,,,,,,,,,,,,,,,,,,,,,,,,,,,,,,,,,,,,,,,,,,,,,,,,,,,,,,,,,,,,,,,,,
DilutedNIAvailtoComStockholders,"243,272,000","62,204,000","72,347,000","64,870,000","43,840,000","48,452,000","-217,937,000","70,226,000","63,766,000","8,780,000","143,875,000","72,977,000","49,184,000","73,414,000","49,733,000","64,258,000","32,401,000","-45,886,000","-139,191,000","62,704,000","92,221,000","76,619,000","77,036,000","4,897,000","72,188,000","68,947,000","81,734,000","86,288,000","47,815,000","29,204,000","-453,870,000","80,797,000","-9,458,000","76,069,000","28,132,000","56,664,000","59,952,000","69,037,000","61,620,000","75,335,000","47,931,000","63,607,000","44,922,000","45,774,000","50,054,000","-325,081,000","-1,487,823,000","-103,751,000","-31,273,000","-255,451,000","154,582,000","177,464,000","191,015,000","172,474,000","174,633,000","143,676,000","156,035,000","150,054,000","760,303,000","121,036,000","112,775,000","117,645,000","112,710,000","91,662,000","86,414,000","91,925,000","80,833,000","66,640,000","58,366,000","48,666,000","47,854,000","45,371,000","49,018,000","46,097,000","41,088,000","30,390,000","35,361,000","37,319,000","41,321,000","37,206,000","40,384,000","48,041,000","33,342,000","28,300,000","32,800,000","20,434,000","22,800,000","21,700,000","24,400,000","20,821,000","20,700,000","18,800,000","15,800,000","14,493,000","15,300,000","13,900,000","12,900,000","11,667,000","9,200,000","9,200,000","7,800,000","4,058,000","4,100,000","3,100,000","5,000,000","6,600,000","9,900,000","11,400,000","8,100,000","8,700,000","7,000,000","6,800,000","7,600,000","6,600,000","5,800,000","4,600,000","4,100,000","3,700,000","2,500,000","3,500,000","3,200,000","1,700,000","3,700,000","3,400,000","3,100,000","900,000","2,700,000","1,000,000","1,300,000","1,900,000","200,000","3,000,000","2,400,000","3,000,000","2,300,000","2,200,000","2,800,000","3,000,000","2,300,000","1,200,000"
BasicEPS,,"0.71","0.83","0.75","0.51","0.56","-2.55","0.82","0.75","0.87","1.59","0.784","0.52","0.76","0.5","0.63","0.31","-0.43","-1.31","0.58","0.85","0.73","0.67","0.04","0.62","0.58","0.68","0.7","0.38","0.23","-3.45","0.6","-0.07",,"0.2","0.39","0.4",,"0.41","0.5","0.3",,"0.28","0.3","0.35",,"-10.55","-0.74","-0.22",,"1.09","1.25","1.34",,"1.23","1.02","1.11",,"6.23","1.08","1.04",,"1.1","0.9","0.853",,"0.807","0.667","0.587",,"0.487","0.46","0.493",,"0.42","0.313","0.367",,"0.433","0.387","0.42",,"0.387","0.334","0.394",,"0.273","0.26","0.293",,"0.213","0.24","0.2",,"0.193","0.187","0.187",,"0.16","0.167","0.153",,"0.087","0.067","0.1",,"0.207","0.24","0.14",,"0.153","0.147","0.167",,"0.127","0.107","0.093",,"0.06","0.087","0.08",,"0.087","0.08","0.073",,"0.067","0.027","0.033",,"0.007","0.073","0.06",,"0.067","0.067","0.08",,"0.08","0.047"
DilutedEPS,,"0.7","0.83","0.74","0.51","0.56","-2.55","0.82","0.75","0.86","1.58","0.781","0.52","0.76","0.5","0.63","0.31","-0.43","-1.31","0.58","0.84","0.73","0.67","0.04","0.61","0.58","0.67","0.7","0.38","0.23","-3.45","0.6","-0.07",,"0.2","0.39","0.4",,"0.41","0.5","0.3",,"0.28","0.3","0.35",,"-10.55","-0.74","-0.22",,"1.07","1.23","1.32",,"1.21","1","1.08",,"5.8","0.99","0.93",,"0.98","0.81","0.76",,"0.713","0.62","0.553",,"0.467","0.44","0.473",,"0.4","0.3","0.347",,"0.407","0.367","0.4",,"0.367","0.313","0.36",,"0.26","0.247","0.28",,"0.2","0.227","0.193",,"0.187","0.167","0.167",,"0.14","0.14","0.127",,"0.073","0.06","0.087",,"0.167","0.187","0.12",,"0.14","0.14","0.153",,"0.12","0.1","0.087",,"0.06","0.08","0.073",,"0.08","0.08","0.067",,"0.067","0.027","0.033",,"0.007","0.073","0.06",,"0.067","0.06","0.08",,"0.08","0.047"
BasicAverageShares,,"87,329,000","86,878,000","86,813,000","86,297,000","85,552,000","85,537,000","85,482,000","85,120,000","84,526,000","90,377,000","93,087,000","94,869,000","96,555,000","99,403,000","101,817,000","104,465,000","106,393,000","106,432,000","110,624,000","111,691,000","112,947,000","114,439,000","115,799,000","117,126,000","118,949,000","120,583,000","122,974,000","125,228,000","128,507,000","131,534,000","134,098,000","138,720,000",,"140,053,000","143,877,000","149,210,000",,"149,980,000","151,416,000","160,123,000",,"160,815,000","151,267,000","142,006,000",,"141,019,000","140,900,000","140,505,000",,"142,297,000","142,427,000","142,107,000",,"141,422,000","141,229,000","140,247,000",,"121,999,000","111,682,000","108,803,000",,"102,771,000","101,932,000","101,572,500",,"100,611,000","100,120,500","99,259,500",,"98,973,000","99,030,000","98,907,000",,"98,098,500","97,756,500","96,975,000",,"96,015,000","95,586,000","95,734,500",,"85,713,000","84,857,571","83,348,156",,"83,372,948","83,419,829","83,140,248",,"78,597,065","78,294,186","78,960,520",,"79,098,382","74,427,072","69,072,607",,"57,471,264","55,172,414","50,844,143",,"47,284,050","46,476,762","49,975,012",,"47,879,286","47,476,262","57,828,229",,"45,629,359","46,340,466","45,577,211",,"45,766,590","43,103,448","43,906,618",,"41,645,844","40,364,433","39,980,010",,"42,670,972","42,478,761","42,251,601",,"40,479,760","37,481,259","38,980,510",,"29,985,007","40,888,647","39,980,010",,"34,482,759","32,983,508","34,982,509",,"28,735,632","25,701,435"
DilutedAverageShares,,"88,534,000","87,165,000","87,127,000","86,494,000","85,613,000","85,537,000","85,612,000","85,491,000","85,079,000","90,833,000","93,496,000","95,297,000","96,830,000","99,568,000","102,057,000","104,677,000","106,393,000","106,432,000","111,556,000","112,971,000","114,331,000","115,692,000","116,940,000","118,219,000","119,850,000","121,126,000","123,207,000","125,412,000","128,576,000","131,534,000","134,128,000","138,720,000",,"140,082,000","143,931,000","149,347,000",,"150,972,000","151,940,000","161,762,000",,"162,949,000","153,224,000","143,126,000",,"141,019,000","140,900,000","140,505,000",,"144,018,000","144,627,000","144,778,000",,"144,317,000","144,231,000","144,171,000",,"131,142,000","123,444,000","121,977,000",,"116,401,000","114,742,000","115,569,000",,"114,771,000","107,376,000","105,187,500",,"103,105,500","102,669,000","103,581,000",,"102,297,000","102,082,500","102,007,500",,"102,201,000","102,280,500","101,731,500",,"90,673,500","90,274,012","91,065,578",,"87,648,483","87,929,008","87,099,307",,"83,667,843","82,899,727","81,683,296",,"81,923,324","83,358,321","77,361,319",,"65,681,445","65,681,445","61,548,173",,"55,881,150","51,640,846","57,663,476",,"59,370,315","61,040,908","57,828,229",,"49,975,012","48,547,155","49,540,447",,"48,309,179","45,977,011","47,284,050",,"41,645,844","43,728,136","43,614,556",,"46,226,887","42,478,761","46,476,762",,"40,479,760","37,481,259","38,980,510",,"29,985,007","40,888,647","39,980,010",,"34,482,759","36,648,342","34,982,509",,"28,735,632","25,701,435"
TotalOperatingIncomeAsReported,"505,160,000","166,254,000","129,994,000","124,977,000","83,935,000","78,125,000","-236,427,000","135,728,000","125,676,000","99,710,000","-27,333,000","144,419,000","107,205,000","109,889,000","111,166,000","127,633,000","73,555,000","33,903,000","-240,645,000","133,030,000","124,543,000","128,950,000","119,368,000","130,355,000","119,546,000","119,341,000","121,652,000","106,366,000","83,534,000","43,013,000","-633,323,000","79,734,000","76,077,000","72,212,000","59,323,000","106,852,000","100,366,000","99,140,000","96,992,000","87,899,000","102,777,000","105,836,000","79,148,000","77,884,000","58,315,000","-45,335,000","-1,073,005,000","220,213,000","228,947,000","137,604,000","341,991,000","278,418,000","292,163,000","272,454,000","263,394,000","235,016,000","257,434,000","246,682,000","154,233,000","138,569,000","140,247,000","270,892,000","181,278,000","148,680,000","138,701,000","209,807,000","133,699,000","96,634,000","95,058,000","166,033,000","76,821,000","72,245,000","80,358,000","101,594,000","96,043,000","50,978,000","59,343,000","239,691,000","69,751,000","62,796,000","68,971,000","122,108,000","92,248,000",,,,,,,,,,,,,,,,,,,,,,,,,,,,,,,,,,,,,,,,,,,,,,,,,,,,,,,,,
RentExpenseSupplemental,"110,427,000","25,504,000","32,490,000","26,809,000","25,624,000","28,963,000","24,077,000","27,352,000","24,904,000","26,199,000","24,982,000","25,171,000","24,408,000","26,477,000","23,537,000","30,558,000","33,142,000","35,157,000","35,750,000","25,716,000","25,987,000","26,829,000","33,212,000","22,710,000","26,957,000","32,599,000","30,904,000","24,922,000","26,809,000","83,299,000","31,072,000","27,318,000","30,252,000","29,477,000","56,401,000","35,700,000","33,238,000","33,435,000","37,259,000","33,492,000","33,675,000","25,469,000","63,225,000","35,689,000","32,584,000",,,,,,,,,,,,,,,,,,,,,,,,,,,,,,,,,,,,,,,,,,,,,,,,,,,,,,,,,,,,,,,,,,,,,,,,,,,,,,,,,,,,,,,,,,,,,,,
TotalExpenses,"2,417,880,000","553,083,000","623,920,000","618,287,000","622,590,000","614,480,000","575,549,000","622,554,000","621,803,000","700,860,000","624,684,000","623,919,000","669,187,000","613,237,000","569,075,000","620,737,000","626,610,000","585,648,000","529,202,000","540,056,000","584,107,000","573,396,000","599,616,000","573,540,000","574,335,000","562,055,000","598,440,000","563,486,000","586,883,000","624,750,000","573,223,000","560,561,000","554,615,000","576,379,000","567,655,000","563,045,000","616,742,000","614,290,000","624,936,000","586,895,000","571,388,000","565,584,000","611,331,000","582,012,000","554,769,000","-645,424,000","1,792,993,000","745,924,000","825,084,000","780,519,000","844,653,000","893,933,000","913,805,000","869,343,000","869,579,000","795,669,000","780,786,000","797,317,000","534,756,000","327,819,000","305,589,000","474,970,000","455,510,000","419,285,000","400,236,000","395,467,000","372,723,000","361,095,000","328,281,000","305,804,000","302,934,000","299,121,000","312,066,000","319,261,000","307,762,000","284,090,000","286,979,000","274,443,000","279,334,000","267,108,000","274,159,000","289,750,000","250,481,000","-55,000,000","-55,400,000","949,921,000","-51,800,000","-49,400,000","-46,500,000","809,675,000","-43,700,000","-42,300,000","-36,700,000","603,247,000","-36,400,000","-32,800,000","-33,000,000","514,812,000","-29,600,000","-29,900,000","-29,300,000","405,467,000","-26,700,000","-21,100,000","-24,700,000","-23,800,000","-23,700,000","-24,300,000","66,500,000","-22,500,000","-20,700,000","-19,100,000","-19,500,000","-38,700,000","-14,200,000","-13,100,000","-13,300,000","-13,100,000","-12,100,000","-13,400,000","-11,400,000",,,,,,,,,,,,,,,,,,,
NetIncomeFromContinuingAndDiscontinuedOperation,"251,367,000","64,159,000","74,775,000","67,083,000","45,350,000","49,487,000","-216,888,000","72,803,000","66,090,000","9,269,000","149,222,000","75,664,000","50,920,000","75,924,000","51,439,000","66,441,000","33,452,000","-45,273,000","-138,626,000","64,319,000","94,548,000","82,959,000","77,036,000","4,897,000","72,188,000","68,947,000","81,734,000","86,288,000","47,815,000","29,204,000","-453,870,000","80,797,000","-9,458,000","76,069,000","28,132,000","56,664,000","59,952,000","69,037,000","61,620,000","75,335,000","47,931,000","63,607,000","44,922,000","45,774,000","50,054,000","-325,081,000","-1,487,823,000","-103,751,000","-31,273,000","-255,451,000","154,582,000","177,464,000","191,015,000","172,474,000","174,633,000","143,676,000","156,035,000","150,054,000","760,303,000","121,036,000","112,775,000","117,645,000","112,710,000","91,662,000","86,414,000","91,925,000","80,833,000","66,640,000","58,366,000","48,666,000","47,854,000","45,371,000","49,018,000","46,097,000","41,088,000","30,390,000","35,361,000","37,319,000","41,321,000","37,206,000","40,384,000","48,041,000","33,342,000","28,300,000","32,800,000","20,434,000","22,800,000","21,700,000","24,400,000","20,821,000","20,700,000","18,800,000","15,800,000","14,493,000","15,300,000","13,900,000","12,900,000","11,667,000","9,200,000","9,200,000","7,800,000","4,058,000","4,100,000","3,100,000","5,000,000","6,600,000","9,900,000","11,400,000","8,100,000","8,700,000","7,000,000","6,800,000","7,600,000","6,600,000","5,800,000","4,600,000","4,100,000","3,700,000","2,500,000","3,500,000","3,200,000","1,700,000","3,700,000","3,400,000","3,100,000","900,000","2,700,000","1,000,000","1,300,000","1,900,000","200,000","3,000,000","2,400,000","3,000,000","2,300,000","2,200,000","2,800,000","3,000,000","2,300,000","1,200,000"
NormalizedIncome,"238,673,197","63,328,000","74,180,780","63,790,417","37,058,802","51,323,532.425","63,943,194","75,831,533","63,820,117","-938,590","261,730,400","74,210,764","62,305,476","72,905,523.482","75,220,278","62,572,942","31,037,456","-42,970,800","84,880,000","65,919,585","94,226,063","82,163,339.275","75,843,398","4,948,350","70,251,492","71,042,600","81,295,850","84,390,669","46,045,768","27,147,880.915","75,618,382","55,711,218.5","45,975,108.726","36,495,881.438","22,480,501.738","77,737,650","54,093,221.571","53,209,947.05","55,286,560.925","47,394,777.132","53,980,293.578","51,177,521.815","32,053,508.866","30,669,300.708","8,587,178.132","916,874,000","-724,480,059.368","132,666,477.631","134,709,736.52","184,209,899.289","213,145,474.177","174,806,501.87","182,227,557.515","169,810,779.712","162,365,025.454","139,847,873.583","156,739,602.665","147,143,229.924","91,715,427.441","87,568,389.514","82,334,270.676","117,645,000","112,710,000","91,662,000","86,414,000","102,894,420.806","80,833,000","59,374,000","58,366,000","48,666,000","47,854,000","45,371,000","49,018,000","46,097,000","41,088,000","30,390,000","35,361,000","37,319,000","41,321,000","37,206,000","40,384,000","48,041,000","33,342,000","28,300,000","32,800,000","20,434,000","22,800,000","21,700,000","24,400,000","20,821,000","20,700,000","18,800,000","15,800,000","14,493,000","15,300,000","13,900,000","12,900,000","11,667,000","9,200,000","9,200,000","7,800,000","4,058,000","4,100,000","3,100,000","5,000,000","6,600,000","9,900,000","11,400,000","8,100,000","8,700,000","10,250,000","6,800,000","7,600,000","6,600,000","5,800,000","4,600,000","4,100,000","3,700,000","2,500,000","3,500,000","3,200,000","1,700,000","3,700,000","3,400,000","3,100,000","900,000","2,700,000","1,000,000","1,300,000","1,900,000","200,000","3,000,000","2,400,000","3,000,000","2,300,000","2,200,000","2,800,000","3,000,000","2,300,000","1,200,000"
InterestIncome,"12,294,000","2,755,000","2,882,000","2,652,000","4,005,000","4,184,000","3,126,000","2,420,000","2,446,000","2,239,000","1,827,000","1,572,000","1,468,000","1,709,000","1,713,000","1,545,000","1,848,000","1,711,000","1,377,000","1,229,000","1,317,000","1,555,000","1,680,000","1,680,000","2,525,000","1,676,000","1,681,000","1,371,000","1,639,000","2,290,000","1,646,000","1,718,000","1,936,000","2,867,000","2,577,000","2,982,000","3,055,000","3,052,000","2,209,000","2,170,000","1,815,000","1,584,000","2,225,000","1,737,000","1,821,000","3,511,000","8,468,000","21,025,000","23,268,000",,,,,,,,,,,,,,,,,,,,,,,,,,,,,,,,,,,,,,,,,,,,,,,,,,,,,,,,,,,,,,,,,,,,,,,,,,,,,,,,,,,,,,,,,,,
InterestExpense,"109,870,000","27,024,000","27,032,000","27,331,000","28,483,000","28,794,000","28,770,000","29,860,000","29,917,000","30,441,000","29,088,000","29,077,000","29,266,000","31,188,000","29,495,000","27,925,000","24,565,000","15,231,000","8,003,000","13,280,000","11,949,000","14,058,000","12,183,000","14,975,000","17,058,000","14,294,000","12,690,000","12,859,000","13,068,000","16,010,000","13,564,000","14,118,000","19,227,000","21,756,000","21,831,000","21,636,000","22,361,000","22,518,000","22,389,000","24,449,000","22,801,000","25,121,000","29,241,000","28,565,000","43,390,000","38,601,000","37,485,000","37,768,000","36,611,000",,,,,,,,,,,,,,,,,,,,,,,,,,,,,,,,,,,,,,,,,,,,,,,,,,,,,,,,,,,,,,,,,,,,,,,,,,,,,,,,,,,,,,,,,,,
NetInterestIncome,"-97,576,000","-24,269,000","-24,150,000","-24,679,000","-24,478,000","-24,610,000","-25,644,000","-27,440,000","-27,471,000","-28,202,000","-27,261,000","-27,505,000","-27,798,000","-29,479,000","-27,782,000","-26,380,000","-22,717,000","-13,520,000","-6,626,000","-12,051,000","-10,632,000","-12,503,000","-10,503,000","-13,295,000","-14,533,000","-12,618,000","-11,009,000","-11,488,000","-11,429,000","-13,720,000","-11,918,000","-12,400,000","-17,291,000","-18,889,000","-19,254,000","-18,654,000","-19,306,000","-19,466,000","-20,180,000","-22,279,000","-20,986,000","-23,537,000","-27,016,000","-26,828,000","-41,569,000","-35,090,000","-29,017,000","-16,743,000","-13,343,000",,,,,,,,,,,,,,,,,,,,,,,,,,,,,,,,,,,,,,,,,,,,,,,,,,,,,,,,,,,,,,,,,,,,,,,,,,,,,,,,,,,,,,,,,,,
EBIT,"520,404,000","127,989,000","151,699,000","132,616,000","108,100,000","104,076,000","-237,974,000","140,777,000","138,957,000","87,042,000","-11,762,000","155,374,000","121,058,000","134,013,000","120,463,000","144,359,000","85,216,000","21,679,000","-234,258,000","103,846,000","131,978,000","140,893,000","130,248,000","23,800,000","131,326,000","126,242,000","138,645,000","119,710,000","87,955,000","64,656,000","-625,200,000","111,610,000","1,246,000","131,749,000","69,579,000","77,413,000","111,926,000","125,144,000","109,545,000","127,757,000","94,908,000","126,841,000","101,480,000","103,558,000","124,094,000","-644,554,000","-2,225,437,000","-122,050,000","-13,351,000","-386,020,000","341,991,000","278,418,000","292,163,000","272,454,000","263,394,000","235,016,000","257,434,000","254,832,000","154,233,000","138,569,000","132,097,000","270,892,000","181,278,000","148,680,000","138,701,000","227,307,000","133,699,000","96,634,000","95,058,000","166,033,000","76,821,000","72,245,000","80,358,000","101,594,000","96,043,000","50,978,000","59,343,000","239,691,000","69,751,000","62,796,000","68,971,000","122,108,000","92,248,000","356,600,000","370,000,000","-660,715,000","312,300,000","297,000,000","295,300,000","-539,815,000","270,800,000","255,200,000","215,900,000","-426,941,000","203,700,000","180,000,000","181,800,000","-352,469,000","152,000,000","149,800,000","140,700,000","-304,976,000","119,600,000","109,700,000","114,500,000","120,200,000","126,800,000","131,100,000","24,800,000","114,700,000","105,900,000","96,800,000","100,700,000","118,400,000","90,200,000","81,900,000","81,200,000","77,300,000","68,800,000","75,200,000","71,500,000","265,700,000","63,600,000","62,000,000","59,400,000","238,500,000","56,200,000","52,200,000","51,800,000","243,000,000","55,400,000","56,200,000","52,400,000","168,700,000","34,700,000","32,000,000","34,300,000","124,000,000","29,200,000","23,500,000"
EBITDA,"542,943,000"
ReconciledCostOfRevenue,"1,850,115,000","404,159,000","467,145,000","472,019,000","472,695,000","442,226,000","413,919,000","466,916,000","466,793,000","472,240,000","474,479,000","479,506,000","523,522,000","456,599,000","438,033,000","484,045,000","468,073,000","435,724,000","399,989,000","408,474,000","451,022,000","433,746,000","454,785,000","445,426,000","441,140,000","428,684,000","458,552,000","437,239,000","454,451,000","415,206,000","438,836,000","0","0","0","0","0","0","0","0","0","0","0","0","0","0",,,,,,,,,,,,,,,,,,,,,,,,,,,,,,,,,,,,,,,,,,,,,,,,,,,,,,,,,,,,,,,,"57,300,000",,,,,,,,,,,,,,,,,,,,,,,,,,,,,,,
ReconciledDepreciation,"22,539,000","5,636,000","18,255,000","16,249,000","16,496,000","18,764,000","17,888,000","18,596,000","17,547,000","18,435,000","17,917,000","18,161,000","18,473,000","19,574,000","20,297,000","19,424,000","20,918,000","15,542,000","17,221,000","13,559,000","13,975,000","13,979,000","13,122,000","14,016,000","13,969,000","14,602,000","16,972,000","15,799,000","15,472,000","38,041,000","16,327,000","16,401,000","17,079,000","18,635,000","30,115,000","22,166,000","22,879,000","24,773,000","25,477,000","19,016,000","33,482,000","29,447,000","29,618,000","20,358,000","34,655,000","46,378,000","42,423,000","43,305,000","41,958,000","36,605,000","35,738,000","33,942,000","34,798,000","35,629,000","36,646,000","14,501,000","51,076,000","20,834,000","26,148,000","13,584,000","13,202,000","14,860,000","13,822,000","13,560,000","13,035,000","13,264,000","11,115,000","12,090,000","13,489,000","14,397,000","14,067,000","13,609,000","13,815,000","15,754,000","13,136,000","11,114,000","8,198,000","9,329,000","9,841,000","8,728,000","8,597,000","9,809,000","7,411,000","6,200,000","5,900,000","5,866,000","5,400,000","5,200,000","5,100,000","7,386,000","5,300,000","5,200,000","4,100,000","4,813,000","4,800,000","3,900,000","3,700,000","3,745,000","3,600,000","3,400,000","3,500,000","3,461,000","2,400,000","2,300,000","2,300,000","2,100,000","2,100,000","2,000,000","2,100,000","2,100,000","2,100,000","2,000,000","2,200,000","2,200,000","2,400,000","2,300,000","2,600,000","2,200,000","2,100,000","1,600,000","1,600,000",,,,,,,,,,,,,,,,,,,
NetIncomeFromContinuingOperationNetMinorityInterest,"251,367,000","64,159,000","74,775,000","67,083,000","45,350,000","49,487,000","-216,888,000","72,803,000","66,090,000","9,269,000","149,222,000","75,664,000","50,920,000","75,924,000","51,439,000","66,441,000","33,452,000","-45,273,000","-138,626,000","64,319,000","94,548,000","82,959,000","77,036,000","4,897,000","72,188,000","68,947,000","81,734,000","86,288,000","47,815,000","29,204,000","-453,870,000","80,797,000","-9,458,000","76,069,000","28,132,000","56,664,000","59,952,000","69,037,000","61,620,000","75,335,000","47,931,000","63,607,000","44,922,000","45,774,000","50,054,000","-325,081,000","-1,487,823,000","-103,751,000","-31,273,000","-255,451,000","154,582,000","177,464,000","191,015,000","172,474,000","174,061,000","143,676,000","156,035,000","151,647,000","100,785,000","92,135,000","89,140,000","117,645,000","112,710,000","91,662,000","86,414,000","91,925,000","80,833,000","59,374,000","58,366,000","48,666,000","47,854,000","45,371,000","49,018,000","46,097,000","41,088,000","30,390,000","35,361,000","37,319,000","41,321,000","37,206,000","40,384,000","48,041,000","33,342,000","28,300,000","32,800,000","20,434,000","22,800,000","21,700,000","24,400,000","20,821,000","20,700,000","18,800,000","15,800,000","14,493,000","15,300,000","13,900,000","12,900,000","11,667,000","9,200,000","9,200,000","7,800,000","4,058,000","4,100,000","3,100,000","5,000,000","6,600,000","9,900,000","11,400,000","8,100,000","8,700,000","7,000,000","6,800,000","7,600,000","6,600,000","5,800,000","4,600,000","4,100,000","3,700,000","2,500,000","3,500,000","3,200,000","1,700,000","3,700,000","3,400,000","3,100,000","900,000","2,700,000","1,000,000","1,300,000","1,900,000","200,000","3,000,000","2,400,000","3,000,000","2,300,000","2,200,000","2,800,000","3,000,000","2,300,000","1,200,000"
TotalUnusualItemsExcludingGoodwill,"17,177,000","1,108,000","814,000","4,529,000","10,726,000","-2,519,000","-362,831,000","-4,143,000","3,157,000","13,983,000","-187,514,000","2,094,000","-16,453,000","3,437,000","-33,542,000","5,206,000","3,228,000","-3,837,000","-372,510,000","-2,303,000","407,000","1,201,000","1,759,000","-79,000","3,007,000","-3,224,000","690,000","2,311,000","2,697,000","3,259,000","-737,449,000","30,158,000","-76,767,000","56,670,000","7,679,000","-32,421,000","8,505,000","22,952,000","10,344,000","37,688,000","-9,684,000","19,421,000","20,107,000","23,937,000","63,958,000","-1,910,700,000","-1,160,900,000","-363,288,000","-265,566,000","-676,341,000","-93,518,000","4,252,000","14,060,000","4,241,000","18,656,000","6,359,000","-1,142,000","7,476,000","14,740,000","7,321,000","10,850,000","0","0","0","0","-17,500,000","0","0","0","0","0","0","0","0","0","0","0",,,"0","0","0","0",,,,,,,,,,,,,,,,,,,,,,,,,,,,"-5,200,000",,,,,,,,,,,,,,,,,,,,,,,,,,,,,
TotalUnusualItems,"17,177,000","1,108,000","814,000","4,529,000","10,726,000","-2,519,000","-362,831,000","-4,143,000","3,157,000","13,983,000","-187,514,000","2,094,000","-16,453,000","3,437,000","-33,542,000","5,206,000","3,228,000","-3,837,000","-372,510,000","-2,303,000","407,000","1,201,000","1,759,000","-79,000","3,007,000","-3,224,000","690,000","2,311,000","2,697,000","3,259,000","-737,449,000","30,158,000","-76,767,000","56,670,000","7,679,000","-32,421,000","8,505,000","22,952,000","10,344,000","37,688,000","-9,684,000","19,421,000","20,107,000","23,937,000","63,958,000","-1,910,700,000","-1,160,900,000","-363,288,000","-265,566,000","-676,341,000","-93,518,000","4,252,000","14,060,000","4,241,000","18,656,000","6,359,000","-1,142,000","7,476,000","14,740,000","7,321,000","10,850,000","0","0","0","0","-17,500,000","0","0","0","0","0","0","0","0","0","0","0",,,"0","0","0","0",,,,,,,,,,,,,,,,,,,,,,,,,,,,"-5,200,000",,,,,,,,,,,,,,,,,,,,,,,,,,,,,
NormalizedEBITDA,"525,766,000","132,517,000","169,140,000","144,336,000","113,870,000","125,359,000","142,745,000","163,516,000","153,347,000","91,494,000","193,669,000","171,441,000","155,984,000","150,150,000","174,302,000","158,577,000","102,906,000","41,058,000","155,473,000","119,708,000","145,546,000","153,671,000","141,611,000","37,895,000","142,288,000","144,068,000","154,927,000","133,198,000","100,730,000","99,438,000","128,576,000","97,853,000","95,092,000","93,714,000","92,015,000","132,000,000","126,300,000","126,965,000","124,678,000","109,085,000","138,074,000","136,867,000","110,991,000","99,979,000","94,791,000","1,312,524,000","-1,022,114,000","284,543,000","294,173,000","326,926,000","471,247,000","308,108,000","312,901,000","303,842,000","281,384,000","245,985,000","309,652,000","268,190,000","165,641,000","144,832,000","134,449,000","285,752,000","195,100,000","162,240,000","151,736,000","258,071,000","144,814,000","108,724,000","108,547,000","180,430,000","90,888,000","85,854,000","94,173,000","117,348,000","109,179,000","62,092,000","67,541,000","249,020,000","79,592,000","71,524,000","77,568,000","131,917,000","99,659,000","362,800,000","375,900,000","-654,849,000","317,700,000","302,200,000","300,400,000","-532,429,000","276,100,000","260,400,000","220,000,000","-422,128,000","208,500,000","183,900,000","185,500,000","-348,724,000","155,600,000","153,200,000","144,200,000","-301,515,000","122,000,000","112,000,000","116,800,000","122,300,000","128,900,000","133,100,000","26,900,000","116,800,000","113,200,000","98,800,000","102,900,000","120,600,000","92,600,000","84,200,000","83,800,000","79,500,000","70,900,000","76,800,000","73,100,000","265,700,000","63,600,000","62,000,000","59,400,000","238,500,000","56,200,000","52,200,000","51,800,000","243,000,000","55,400,000","56,200,000","52,400,000","168,700,000","34,700,000","32,000,000","34,300,000","124,000,000","29,200,000","23,500,000"
TaxRateForCalcs,"0.261","0.25","0.27","0.273","0.227","0.271","0.226","0.269","0.281","0.27","0.4","0.306","0.308","0.122","0.291","0.257","0.252","0.4","0.4","0.305","0.209","0.338","0.322","0.35","0.356","0.35","0.365","0.179","0.344","0.369","0.282","0.168","0.278","0.302","0.264","0.35","0.311","0.31","0.388","0.259","0.375","0.36","0.36","0.369","0.352","0.35","0.342","0.349","0.375","0.35","0.374","0.375","0.375","0.372","0.373","0.398","0.383","0.398","0.385","0.376","0.373","0.381","0.378","0.383","0.377","0.373","0.395","0.386","0.386","0.383","0.377","0.372","0.39","0.393","0.387","0.4","0.4","0.4","0.4","0.4","0.4","0.4","0.4","0.4","0.4","0.375","0.4","0.4","0.4","0.398","0.4","0.4","0.4","0.4","0.4","0.4","0.4","0.4","0.4","0.4","0.4","0.4","0.4","0.4","0.398","0.394","0.393","0.394","0.386","0.383","0.375","0.393","0.387","0.394","0.396","0.4","0.397","0.393","0.39","0.386","0.385","0.4","0.4","0.4","0.4","0.4","0.4","0.4","0.4","0.4","0.4","0.4","0.4","0.4","0.4","0.4","0.4","0.4","0.4","0.4"
TaxEffectOfUnusualItems,"4,483,197","277,000","219,780","1,236,417","2,434,802","-682,467.575","-81,999,806","-1,114,467","887,117","3,775,410","-75,005,600","640,764","-5,067,524","418,523.482","-9,760,722","1,337,942","813,456","-1,534,800","-149,004,000","-702,415","85,063","405,339.275","566,398","-27,650","1,070,492","-1,128,400","251,850","413,669","927,768","1,202,880.915","-207,960,618","5,072,218.5","-21,333,891.274","17,096,881.438","2,027,501.738","-11,347,350","2,646,221.571","7,124,947.05","4,010,560.925","9,747,777.132","-3,634,706.422","6,991,521.815","7,238,508.866","8,832,300.708","22,491,178.132","-668,745,000","-397,557,059.368","-126,870,522.369","-99,583,263.48","-236,680,100.711","-34,954,525.823","1,594,501.87","5,272,557.515","1,577,779.712","6,960,025.454","2,530,873.583","-437,397.335","2,972,229.924","5,670,427.441","2,754,389.514","4,044,270.676","0","0","0","0","-6,530,579.194","0","0","0","0","0","0","0","0","0","0","0","0","0","0","0","0","0","0","0","0","0","0","0","0","0","0","0","0","0","0","0","0","0","0","0","0","0","0","0","0","0","0","0","0","-1,950,000","0","0","0","0","0","0","0","0","0","0","0","0","0","0","0","0","0","0","0","0","0","0","0","0","0","0","0","0","0"