name,ttm,12/31/2019,12/31/2018,12/31/2017,12/31/2016,12/31/2015,12/31/2014,12/31/2013,12/31/2012,12/31/2011,12/31/2010,12/31/2009,12/31/2008,12/31/2007,12/31/2006,12/31/2005,12/31/2004,12/31/2003,12/31/2002,12/31/2001,12/31/2000,12/31/1999,12/31/1998,12/31/1997,12/31/1996,12/31/1995,12/31/1994,12/31/1993,12/31/1992,12/31/1991,12/31/1990,12/31/1989,12/31/1988,12/31/1987,12/31/1986,12/31/1985
TotalRevenue,"17,718,000,000","17,258,000,000","16,424,000,000","14,257,000,000","13,330,000,000","13,572,000,000","13,554,000,000","11,969,000,000","11,532,000,000","10,636,000,000","10,407,000,000","8,499,000,000","9,883,000,000","10,594,000,000","9,063,000,000","5,487,938,000","5,371,274,000","5,283,881,000","4,635,462,000","6,380,638,000","6,851,507,000","6,803,700,000","6,087,063,000","4,898,479,000","6,721,270,000","6,633,256,000","6,984,350,000","8,289,800,000","8,034,100,000","9,169,000,000","8,489,600,000","8,081,100,000","7,312,300,000","6,960,100,000","5,998,700,000","4,906,700,000"
	TotalPremiumsEarned,"5,440,000,000","5,513,000,000","4,601,000,000","8,875,000,000","8,231,000,000","8,291,000,000","7,661,000,000","6,756,000,000","6,195,000,000","2,294,000,000","2,176,000,000","2,064,000,000","2,096,000,000","1,945,000,000","1,406,000,000","-308,398,000","-298,904,000","280,951,000","315,943,000","1,704,002,000","1,813,111,000","1,881,515,000","1,620,629,000","1,328,735,000","3,181,999,000","3,253,833,000","4,444,148,000","5,827,200,000","5,298,900,000","6,730,200,000","6,328,600,000","5,961,200,000",,,,
		NetPremiumsWritten,,,,"8,875,000,000","8,231,000,000","8,291,000,000","7,661,000,000","6,756,000,000","6,195,000,000",,,,,,,,,,,,,,,,,,,,,,,,,,,
			GrossPremiumsWritten,,,,"10,360,000,000","9,644,000,000","9,602,000,000","9,071,000,000","8,031,000,000","7,385,000,000",,,,,,,,,,,,,,,,,,,,,,,,,,,
			CededPremiums,,,,"-1,485,000,000","-1,413,000,000","-1,311,000,000","-1,410,000,000","-1,275,000,000","-1,190,000,000",,,,,,,,,,,,,,,,,,,,,,,,,,,
	NetInvestmentIncome,"5,340,000,000","5,208,000,000","5,078,000,000","4,972,000,000","4,772,000,000","4,773,000,000","4,843,000,000","4,684,000,000","4,545,000,000","4,652,000,000","4,541,000,000","4,178,000,000","4,208,000,000","4,467,000,000","-3,981,000,000","-2,702,324,000","-2,704,129,000","2,638,526,000","2,608,327,000","2,679,617,000","2,747,118,000","2,807,512,000","2,681,406,000","2,250,764,000","2,365,922,000","2,285,681,000","2,011,351,000",,,,,,,,,
	NetRealizedGainLossOnInvestments,"-265,000,000","-595,000,000","148,000,000","-152,000,000","-237,000,000","-97,000,000","16,000,000","-65,000,000","227,000,000","-224,000,000","-2,000,000","-1,070,000,000","-461,000,000","-118,000,000","3,000,000","3,231,000","-76,798,000","-19,191,000","-271,526,000","-114,457,000","-28,295,000","2,955,000","19,034,000","122,570,000","128,052,000","215,623,000","-130,820,000",,,,,,,,,
	FeeRevenueAndOtherIncome,"7,203,000,000","7,132,000,000","6,597,000,000","562,000,000","564,000,000","605,000,000","1,034,000,000","594,000,000","565,000,000","3,914,000,000","3,692,000,000","3,327,000,000","4,040,000,000","4,300,000,000","11,635,000,000","8,495,429,000","8,451,105,000","2,383,595,000","1,982,718,000","2,111,476,000","2,319,573,000","2,111,718,000","1,765,994,000","1,196,410,000","1,045,297,000","878,119,000","659,671,000","2,462,600,000","2,735,200,000","2,438,800,000","2,161,000,000","2,119,900,000",,,,
		FeesAndCommissions,"7,169,000,000","7,101,000,000","6,588,000,000","539,000,000","491,000,000","531,000,000","960,000,000","520,000,000","491,000,000","3,437,000,000","3,234,000,000","2,922,000,000","3,497,000,000","3,614,000,000",,,,,,,,,,,,,,,,,,,,,,
		OtherIncomeExpense,"34,000,000","31,000,000","9,000,000","23,000,000","73,000,000","74,000,000","74,000,000","74,000,000","74,000,000","477,000,000","458,000,000","405,000,000","543,000,000","686,000,000","11,635,000,000","8,495,429,000","8,451,105,000","2,383,595,000","1,982,718,000","2,111,476,000","2,319,573,000","2,111,718,000","1,765,994,000","1,196,410,000","1,045,297,000","878,119,000","659,671,000","2,462,600,000","2,735,200,000","2,438,800,000","2,161,000,000","2,119,900,000",,,,
TotalExpenses,"17,033,000,000","16,339,000,000","14,539,000,000","13,127,000,000","11,872,000,000","12,142,000,000","11,557,000,000","10,338,000,000","9,964,000,000","10,037,000,000","9,173,000,000","9,020,000,000","9,908,000,000","8,720,000,000","7,252,000,000","4,413,294,000","4,335,616,000","4,236,318,000","4,633,838,000","5,616,499,000","6,015,216,000","6,233,736,000","5,389,665,000","4,863,598,000","6,009,005,000","6,006,681,000","6,608,069,000","2,073,600,000","1,909,000,000","2,086,500,000","1,943,500,000","1,823,800,000","66,200,000","58,100,000","37,800,000","34,600,000"
	LossAdjustmentExpense,"9,105,000,000","8,361,000,000","7,251,000,000","5,598,000,000","5,110,000,000","5,476,000,000","5,087,000,000","4,249,000,000","3,886,000,000","3,345,000,000","3,330,000,000","2,836,000,000","3,157,000,000","2,698,000,000","4,170,000,000","2,365,620,000","2,303,652,000","2,428,523,000","2,859,505,000","3,409,740,000","3,557,160,000","3,805,024,000","3,328,865,000","3,191,733,000","3,921,278,000","4,113,143,000","4,849,243,000",,,,,,,,,
		NetPolicyholderBenefitsAndClaims,"9,105,000,000","8,361,000,000","7,251,000,000","5,598,000,000","5,110,000,000","5,476,000,000","5,087,000,000","4,249,000,000","3,886,000,000","3,345,000,000","3,330,000,000","2,836,000,000","3,157,000,000","2,698,000,000","4,170,000,000","2,365,620,000","2,303,652,000","2,428,523,000","2,859,505,000","3,409,740,000","3,557,160,000","3,805,024,000","3,328,865,000","3,191,733,000","3,921,278,000","4,113,143,000","4,849,243,000",,,,,,,,,
			PolicyholderBenefitsGross,"10,799,000,000","10,055,000,000","9,057,000,000","7,208,000,000","6,613,000,000","6,852,000,000","6,535,000,000","5,874,000,000","5,440,000,000","3,345,000,000","3,330,000,000","2,836,000,000","3,157,000,000","2,698,000,000",,,,,,,,,,,,,,,,,,,,,,
			PolicyholderBenefitsCeded,,"1,694,000,000","1,806,000,000","1,610,000,000","1,503,000,000","1,376,000,000","1,448,000,000","1,625,000,000","1,554,000,000",,,,,,,,,,,,,,,,,,,,,,,,,,,
	PolicyholderInterest,"2,827,000,000","2,780,000,000","2,617,000,000","2,590,000,000","2,564,000,000","2,508,000,000","2,532,000,000","2,510,000,000","2,470,000,000","2,488,000,000","2,485,000,000","2,463,000,000","2,501,000,000","2,454,000,000",,,,,,,,,,,,,,,,,,,,,,
	PolicyAcquisitionExpense,,"540,000,000","402,000,000","350,000,000","70,000,000","226,000,000","432,000,000","640,000,000","275,000,000","3,163,000,000","3,067,000,000","2,794,000,000","3,576,000,000","3,284,000,000","2,759,000,000","1,959,023,000","1,931,504,000","1,712,694,000","1,677,720,000","2,085,740,000","2,318,518,000","2,295,015,000","1,943,749,000","1,579,341,000","2,003,007,000","1,821,022,000","1,709,306,000","2,029,300,000","1,855,200,000","2,015,300,000","1,871,200,000","1,737,800,000",,,,
	UnderwritingExpenses,,,,,,,,,,"3,163,000,000",,,"3,575,900,000",,,,,,,,,,,,,,,,,,,,,,,
	FeesandCommissionExpense,"2,458,000,000","2,549,000,000","2,256,000,000","1,986,000,000","1,910,000,000","2,071,000,000","2,092,000,000","1,962,000,000","1,660,000,000",,,,,,,,,,,,,,,,,,,,,,,,,,,
	SellingGeneralAndAdministration,,"2,210,000,000","1,953,000,000","1,766,000,000","1,687,000,000","1,730,000,000","1,700,000,000","1,692,000,000","1,631,000,000",,,,"3,156,700,000",,,"914,100,000","897,400,000","894,400,000","867,800,000","1,049,000,000","1,148,000,000","1,156,900,000",,,,,,,,,,,,,,
		GeneralAndAdministrativeExpense,,"2,210,000,000","1,953,000,000","1,766,000,000","1,687,000,000","1,701,000,000","1,640,000,000","1,630,000,000","1,564,000,000",,,,"3,156,700,000",,,"914,100,000","897,400,000","894,400,000","867,800,000","1,049,000,000","1,148,000,000","1,156,900,000",,,,,,,,,,,,,,
			SalariesAndWages,,,,,,,,,,,,,"3,156,700,000",,,"914,100,000","897,400,000","894,400,000","867,800,000","1,049,000,000","1,148,000,000","1,156,900,000",,,,,,,,,,,,,,
			OtherGandA,,"2,210,000,000","1,953,000,000","1,766,000,000","1,687,000,000","1,701,000,000","1,640,000,000","1,630,000,000","1,564,000,000",,,,,,,,,,,,,,,,,,,,,,,,,,,
		SellingAndMarketingExpense,,,,"0","0","29,000,000","60,000,000","62,000,000","67,000,000",,,,,,,,,,,,,,,,,,,,,,,,,,,
	NetNonOperatingInterestIncomeExpense,"-411,000,000","-414,000,000","-381,000,000","-340,000,000","-411,000,000","-345,000,000","-335,000,000","-329,000,000","-329,000,000","-294,000,000","-291,000,000","-197,000,000","-281,000,000","-284,000,000","-225,000,000","-88,651,000","-100,460,000","-95,101,000","-96,613,000","-121,019,000","-139,538,000","-133,697,000","-117,051,000","-92,524,000","-84,720,000","-72,516,000","-49,520,000","-44,300,000","-53,800,000","-71,200,000","-72,300,000","-86,000,000","-66,200,000","-58,100,000","-37,800,000","-34,600,000"
		InterestExpenseNonOperating,"323,000,000","326,000,000","297,000,000","253,000,000","331,000,000","272,000,000","267,000,000","265,000,000","273,000,000","294,000,000","291,000,000","197,000,000","281,000,000","284,000,000","225,000,000","88,651,000","100,460,000","95,101,000","96,613,000","121,019,000","139,538,000","133,697,000","117,051,000","92,524,000","84,720,000","72,516,000","49,520,000","44,300,000","53,800,000","71,200,000","72,300,000","86,000,000","66,200,000","58,100,000","37,800,000","34,600,000"
		TotalOtherFinanceCost,,"88,000,000","84,000,000","87,000,000","80,000,000","73,000,000","68,000,000","64,000,000","56,000,000",,,,,,,,,,,,,,,,,,,,,,,,,,,
	SpecialIncomeCharges,,"-156,000,000","-94,000,000","-909,000,000","-4,000,000","-4,000,000","-4,000,000","-4,000,000","-24,000,000","-747,000,000","0","-730,000,000","-393,000,000",,,"-29,500,000","-21,400,000","-53,800,000","2,200,000","-38,000,000","-104,900,000","-27,300,000",,,,,,,,,,,,,,
		RestructuringAndMergernAcquisition,,"130,000,000","85,000,000",,,,"0","0","20,000,000",,,,,,,"29,500,000","21,400,000","53,800,000","2,200,000","38,000,000","104,900,000","27,300,000",,,,,,,,,,,,,,
		ImpairmentOfCapitalAssets,,"26,000,000","9,000,000","909,000,000","4,000,000","4,000,000","4,000,000","4,000,000","4,000,000","747,000,000","0","730,000,000","393,000,000",,,,,,,,,,,,,,,,,,,,,,,
		OtherSpecialCharges,,,,,,,,,,,,,,,,,,,"-4,400,000",,,,,,,,,,,,,,,,,
	OtherOperatingExpenses,"406,000,000","409,000,000","389,000,000","288,000,000","256,000,000","234,000,000","239,000,000","232,000,000","239,000,000",,,,"2,783,300,000",,"98,000,000","-943,600,000","-918,800,000","-948,200,000","-865,600,000","-1,087,000,000","-1,252,900,000","-1,184,200,000",,,,,,,,,,,,,,
PretaxIncome,"685,000,000","919,000,000","1,885,000,000","1,130,000,000","1,458,000,000","1,430,000,000","1,997,000,000","1,631,000,000","1,568,000,000","599,000,000","1,234,000,000","-521,000,000","-25,000,000","1,874,000,000","1,811,000,000","1,074,644,000","1,035,658,000","1,047,563,000","1,624,000","764,139,000","836,291,000","569,964,000","697,398,000","34,881,000","712,265,000","626,575,000","376,281,000","0","0","0","0","0","0","0","0","0"
TaxProvision,"-1,000,000","33,000,000","244,000,000","-949,000,000","266,000,000","276,000,000","483,000,000","387,000,000","282,000,000","297,000,000","283,000,000","-106,000,000","-87,000,000","553,000,000","495,000,000","243,589,000","304,147,000","280,408,000","-89,966,000","158,362,000","214,898,000","109,610,000","187,623,000","12,651,000","179,152,000","144,389,000","26,383,000","172,500,000","61,800,000","-9,600,000","8,700,000","61,500,000","-5,300,000","39,000,000","89,900,000","80,500,000"
EarningsFromEquityInterestNetOfTax,,,,,,,,,,,,,,,,,,,,,,,,,"-19,555,000",,,"587,800,000","424,700,000","198,800,000","200,200,000","330,300,000","180,000,000","275,900,000","303,900,000","289,700,000"
NetIncomeCommonStockholders,"663,000,000","886,000,000","1,641,000,000","2,079,000,000","1,192,000,000","1,154,000,000","1,515,000,000","1,244,000,000","1,313,000,000","294,000,000","813,000,000","-520,000,000","57,000,000","1,215,000,000","1,316,000,000","831,007,000","706,956,000","511,878,000","91,590,000","590,140,000","621,315,000","460,354,000","509,775,000","933,988,000","513,558,000","473,486,000","332,698,000","301,700,000","345,700,000","195,400,000","182,400,000","253,500,000","173,200,000","225,700,000","204,700,000","213,100,000"
	NetIncome,"686,000,000","886,000,000","1,641,000,000","2,079,000,000","1,192,000,000","1,154,000,000","1,515,000,000","1,244,000,000","1,313,000,000","294,000,000","980,000,000","-485,000,000","57,000,000","1,215,000,000","1,316,000,000","831,055,000","707,009,000","511,936,000","91,590,000","590,211,000","621,393,000","460,354,000","509,775,000","933,988,000","513,558,000","482,186,000","349,898,000","318,900,000","362,900,000","208,400,000","191,500,000","268,800,000","185,300,000","236,900,000","214,000,000","214,200,000"
		NetIncomeIncludingNoncontrollingInterests,"686,000,000","886,000,000","1,641,000,000","2,079,000,000","1,192,000,000","1,154,000,000","1,515,000,000","1,244,000,000","1,313,000,000","294,000,000","980,000,000","-485,000,000","57,000,000","1,215,000,000","1,316,000,000","831,055,000","707,009,000","511,936,000","91,590,000","590,211,000","621,393,000","460,354,000","509,775,000","933,988,000","533,113,000","482,186,000","349,898,000","318,900,000","362,900,000","208,400,000","191,500,000","268,800,000","185,300,000","236,900,000","214,000,000","214,200,000"
			NetIncomeContinuousOperations,"686,000,000","886,000,000","1,641,000,000","2,079,000,000","1,192,000,000","1,154,000,000","1,514,000,000","1,244,000,000","1,286,000,000","302,000,000","951,000,000","-415,000,000","62,000,000","1,321,000,000","1,316,000,000","831,055,000","731,511,000","767,155,000","91,590,000","605,777,000","621,393,000","460,354,000","509,775,000","22,230,000","513,558,000","482,186,000","349,898,000","415,300,000","362,900,000","208,400,000","191,500,000","268,800,000","185,300,000","236,900,000","214,000,000","209,200,000"
			NetIncomeDiscontinuousOperations,,,,,"0","0","1,000,000","0","27,000,000","-8,000,000","29,000,000","-70,000,000","-5,000,000","-106,000,000",,,,,,,,"0","0","911,758,000",,,,,,,,,,,,"5,000,000"
			NetIncomeExtraordinary,,,,,,,,,,,,,,,"0","0","-24,502,000","-255,219,000","0","-15,566,000",,,,,,"0","0","-96,400,000",,,,,,,,
		MinorityInterests,,,,,,,,,,,,"-100,000",,,,,,,,,,,,,"-19,555,000",,,,,,,,,,,
	PreferredStockDividends,,,,,,,,,,,"167,000,000","35,000,000",,,,"48,000","53,000","58,000",,"71,000","78,000",,,,,"8,700,000","17,200,000","17,200,000","17,200,000","13,000,000","9,100,000","15,300,000","12,100,000","11,200,000","9,300,000","1,100,000"
	OtherunderPreferredStockDividend,,,"18,000,000",,,"4,000,000",,,,"4,100,000",,,,,,,,,,,,,,,,,,,,,,,,,,
AverageDilutionEarnings,,,,"7,000,000",,,"4,000,000",,"0",,,,,,,,,,,,,,,,,,,,,,,,,,,
DilutedNIAvailtoComStockholders,"663,000,000","886,000,000","1,641,000,000","2,079,000,000","1,192,000,000","1,154,000,000","1,515,000,000","1,244,000,000","1,313,000,000","294,000,000","813,000,000","-520,000,000","57,000,000","1,215,000,000","1,316,000,000","831,007,000","706,956,000","511,878,000","91,590,000","590,140,000","621,315,000","460,354,000","509,775,000","933,988,000","513,558,000","473,486,000","332,698,000","301,700,000","345,700,000","195,400,000","182,400,000","253,500,000","173,200,000","225,700,000","204,700,000","213,100,000"
BasicEPS,,,"7.884","9.533","5.267","4.716","5.905","4.732","4.838","0.92","2.62","-1.855","0.222","4.5","5.21","4.8","4.01","2.89","0.5","3.13","3.25","2.33","2.54","4.555","2.455","2.315","1.685","1.55","1.96","1.15","1.08","1.52","1.03","1.3","1.14","1.23"
DilutedEPS,,,"7.4","9.22","5.03","4.51","5.67","4.52","4.56","0.92","2.54","-1.855","0.22","4.43","5.13","4.72","3.95","2.85","0.49","3.05","3.19","2.3","2.51","4.49","2.455","2.315","1.685","1.55","1.96","1.15","1.08","1.52","1.03","1.3","1.14","1.23"
BasicAverageShares,,,"205,862,760","218,090,114","226,335,105","243,835,893","256,551,440","262,896,701","271,402,586","307,200,000","310,005,264","280,000,000","258,192,178","270,298,843","252,591,171","173,059,714","176,298,254","177,120,415","183,180,000","188,543,131","191,173,846","197,576,824","200,698,819","205,046,762","209,188,595","204,529,590","197,446,884","194,645,161","176,377,551","169,913,043","168,888,889","166,776,316","168,155,340","173,615,385","179,561,404","173,252,033"
DilutedAverageShares,,,"219,600,000","226,200,000","236,800,000","254,900,000","268,000,000","275,100,000","287,600,000","315,000,000","319,213,747","285,600,000","258,192,178","273,905,502","256,530,214","176,078,198","178,976,203","179,606,316","186,918,367","193,488,525","194,769,592","200,153,913","203,097,610","208,015,145","209,491,525","207,704,082","206,612,903","194,645,161","176,377,551","169,913,043","168,888,889","166,776,316","168,155,340","173,615,385","179,561,404","173,252,033"
NetIncomeFromContinuingAndDiscontinuedOperation,"686,000,000","886,000,000","1,641,000,000","2,079,000,000","1,192,000,000","1,154,000,000","1,515,000,000","1,244,000,000","1,313,000,000","294,000,000","980,000,000","-485,000,000","57,000,000","1,215,000,000","1,316,000,000","831,055,000","731,511,000","767,155,000","91,590,000","605,777,000","621,393,000","460,354,000","509,775,000","933,988,000","513,558,000","482,186,000","349,898,000","415,300,000","362,900,000","208,400,000","191,500,000","268,800,000","185,300,000","236,900,000","214,000,000","214,200,000"
NormalizedIncome,"686,000,000","1,035,760,000","1,722,780,000","2,624,400,000","1,195,280,000","1,157,240,000","1,517,040,000","1,247,040,000","1,305,680,000","787,550,000","951,000,000","166,477,927.063","317,450,000","1,321,000,000","1,316,000,000","853,868,250.248","746,626,352.172","806,554,004.165","90,270,000","635,901,788.815","699,337,310.892","482,403,926.311","509,775,000","22,230,000","513,558,000","482,186,000","349,898,000","415,300,000","362,900,000","208,400,000","191,500,000","268,800,000","185,300,000","236,900,000","214,000,000","209,200,000"
EBIT,"1,008,000,000","1,245,000,000","2,182,000,000","1,383,000,000","1,789,000,000","1,702,000,000","2,264,000,000","1,896,000,000","1,841,000,000","893,000,000","1,525,000,000","-324,000,000","256,000,000","2,158,000,000","2,036,000,000","1,163,295,000","1,136,118,000","1,142,664,000","98,237,000","885,158,000","975,829,000","703,661,000","814,449,000","127,405,000","796,985,000","699,091,000","425,801,000","44,300,000","53,800,000","71,200,000","72,300,000","86,000,000","66,200,000","58,100,000","37,800,000","34,600,000"
ReconciledDepreciation,,,,,,,,,,,,"76,000,000","76,000,000","71,000,000","15,000,000","76,258,000","191,156,000","88,153,000","106,602,000","199,018,000","237,012,000","224,300,000","241,900,000","140,500,000","146,300,000","59,800,000","58,700,000","58,900,000","60,100,000","60,900,000","37,300,000","39,900,000",,,,
NetIncomeFromContinuingOperationNetMinorityInterest,"686,000,000","886,000,000","1,641,000,000","2,079,000,000","1,192,000,000","1,154,000,000","1,514,000,000","1,244,000,000","1,286,000,000","302,000,000","951,000,000","-415,000,000","62,000,000","1,321,000,000","1,316,000,000","831,055,000","731,511,000","767,155,000","91,590,000","605,777,000","621,393,000","460,354,000","509,775,000","22,230,000","513,558,000","482,186,000","349,898,000","415,300,000","362,900,000","208,400,000","191,500,000","268,800,000","185,300,000","236,900,000","214,000,000","209,200,000"
TotalUnusualItemsExcludingGoodwill,,"-156,000,000","-94,000,000","-909,000,000","-4,000,000","-4,000,000","-4,000,000","-4,000,000","-24,000,000","-747,000,000","0","-730,000,000","-393,000,000",,,"-29,500,000","-21,400,000","-53,800,000","2,200,000","-38,000,000","-104,900,000","-27,300,000",,,,,,,,,,,,,,
TotalUnusualItems,,"-156,000,000","-94,000,000","-909,000,000","-4,000,000","-4,000,000","-4,000,000","-4,000,000","-24,000,000","-747,000,000","0","-730,000,000","-393,000,000",,,"-29,500,000","-21,400,000","-53,800,000","2,200,000","-38,000,000","-104,900,000","-27,300,000",,,,,,,,,,,,,,
TaxRateForCalcs,"0.27","0.04","0.13","0.4","0.18","0.19","0.24","0.24","0.18","0.35","0.229","0.203","0.35","0.295","0.273","0.227","0.294","0.268","0.4","0.207","0.257","0.192","0.269","0.363","0.252","0.23","0.07","0","0","0","0","0","0","0","0","0"
TaxEffectOfUnusualItems,"0","-6,240,000","-12,220,000","-363,600,000","-720,000","-760,000","-960,000","-960,000","-4,320,000","-261,450,000","0","-148,522,072.937","-137,550,000","0","0","-6,686,749.752","-6,284,647.828","-14,400,995.835","880,000","-7,875,211.185","-26,955,689.108","-5,250,073.689","0","0","0","0","0","0","0","0","0","0","0","0","0","0"
InterestExpense,"323,000,000","326,000,000","297,000,000","253,000,000","331,000,000","272,000,000","267,000,000","265,000,000","273,000,000","294,000,000","291,000,000","197,000,000","281,000,000","284,000,000","225,000,000","88,651,000","100,460,000","95,101,000","96,613,000","121,019,000","139,538,000","133,697,000","117,051,000","92,524,000","84,720,000","72,516,000","49,520,000","44,300,000","53,800,000","71,200,000","72,300,000","86,000,000","66,200,000","58,100,000","37,800,000","34,600,000"