name,ttm,03/31/2020,12/31/2019,09/30/2019,06/30/2019,03/31/2019,12/31/2018,09/30/2018,06/30/2018,03/31/2018,12/31/2017,09/30/2017,06/30/2017,03/31/2017,12/31/2016,09/30/2016,06/30/2016,03/31/2016,12/31/2015,09/30/2015,06/30/2015,03/31/2015,12/31/2014,09/30/2014,06/30/2014,03/31/2014,12/31/2013,09/30/2013,06/30/2013,03/31/2013,12/31/2012,09/30/2012,06/30/2012,03/31/2012,12/31/2011,09/30/2011,06/30/2011,03/31/2011,12/31/2010,09/30/2010,06/30/2010,03/31/2010,12/31/2009,09/30/2009,06/30/2009,03/31/2009,12/31/2008,09/30/2008,06/30/2008,03/31/2008,12/31/2007,09/30/2007,06/30/2007,03/31/2007,12/31/2006,09/30/2006,06/30/2006
TotalRevenue,"2,065,363,000","546,260,000","506,753,000","510,566,000","501,784,000","523,121,000","475,976,000","461,498,000","450,812,000","434,361,000","374,343,000","360,333,000","362,307,000","350,827,000","321,848,000","323,021,000","321,088,000","331,815,000","303,918,000","326,264,000","327,108,000","341,299,000","347,901,000","309,770,000","307,274,000","309,462,000","298,931,000","295,420,000","285,452,000","285,494,000","259,134,000","257,320,000","894,404,000","885,741,000","812,818,000","866,254,000","875,842,000","855,697,000","801,078,000","740,453,000","762,478,000","719,070,000","710,561,000","677,700,000","643,285,000","617,037,000","674,507,000","772,136,000","786,182,000","767,966,000","750,941,000","693,977,000","616,752,000","531,971,000","443,801,000","389,690,000","408,065,000"
	OperatingRevenue,"2,065,363,000","546,260,000","506,753,000","510,566,000","501,784,000","523,121,000","475,976,000","461,498,000","450,812,000","434,361,000","374,343,000","360,333,000","362,307,000","350,827,000","321,848,000","323,021,000","321,088,000","331,815,000","303,918,000","326,264,000","327,108,000","341,299,000","347,901,000","309,770,000","307,274,000","309,462,000","298,931,000","295,420,000","285,452,000","285,494,000","259,134,000","257,320,000","894,404,000","885,741,000","812,818,000","866,254,000","875,842,000","855,697,000","801,078,000","740,453,000","762,478,000","719,070,000","710,561,000","677,700,000","643,285,000","617,037,000","674,507,000","772,136,000","786,182,000","767,966,000","750,941,000","693,977,000","616,752,000","531,971,000","443,801,000","389,690,000","408,065,000"
PretaxIncome,"745,693,000","207,632,000","164,999,000","177,986,000","195,076,000","203,774,000","162,443,000","147,359,000","162,909,000","119,926,000","79,890,000","96,640,000","112,769,000","75,271,000","64,943,000","68,224,000","79,749,000","84,600,000","45,103,000","68,687,000","84,090,000","84,675,000","80,536,000","55,453,000","71,161,000","87,547,000","64,548,000","61,302,000","74,902,000","90,551,000","62,182,000","54,238,000","67,308,000","66,863,000","63,586,000","62,062,000","75,479,000","81,558,000","-188,205,000","46,012,000","8,628,000","44,716,000","20,119,000","-6,485,000","32,148,000","26,785,000","7,645,000","34,417,000","30,404,000","20,299,000","15,447,000","18,212,000","41,123,000","33,051,000","22,356,000","8,678,000","15,802,000"
TaxProvision,"185,570,000","51,991,000","38,323,000","46,272,000","48,984,000","48,376,000","42,145,000","40,494,000","44,143,000","26,396,000","15,792,000","38,498,000","44,335,000","27,082,000","23,207,000","16,270,000","31,900,000","34,208,000","18,291,000","27,635,000","33,848,000","33,997,000","31,991,000","22,181,000","28,070,000","34,412,000","20,130,000","23,671,000","29,811,000","35,834,000","25,244,000","19,939,000","27,806,000","25,684,000","24,138,000","25,634,000","29,972,000","32,559,000","-71,645,000","19,868,000","628,000","19,162,000","1,521,000","-5,029,000","16,567,000","11,988,000","5,285,000","17,249,000","16,101,000","8,634,000","7,691,000","6,645,000","17,864,000","14,564,000","9,076,000","3,472,000","5,303,000"
NetIncomeCommonStockholders,"560,123,000","155,641,000","126,676,000","131,714,000","146,092,000","155,398,000","120,298,000","106,865,000","118,766,000","93,530,000","64,098,000","58,142,000","68,434,000","48,189,000","41,736,000","51,954,000","47,849,000","50,392,000","26,812,000","41,052,000","50,242,000","50,678,000","48,545,000","33,272,000","43,091,000","53,135,000","44,418,000","37,631,000","45,091,000","54,717,000","36,938,000","34,299,000","39,502,000","41,179,000","39,448,000","36,428,000","45,507,000","48,999,000","-116,560,000","26,144,000","8,000,000","25,554,000","18,598,000","-1,456,000","15,581,000","14,797,000","2,360,000","17,168,000","14,303,000","11,665,000","7,756,000","11,567,000","23,259,000","18,487,000","13,280,000","5,206,000","10,499,000"
	NetIncome,"560,123,000","155,641,000","126,676,000","131,714,000","146,092,000","155,398,000","120,298,000","106,865,000","118,766,000","93,530,000","64,098,000","58,142,000","68,434,000","48,189,000","41,736,000","51,954,000","47,849,000","50,392,000","26,812,000","41,052,000","50,242,000","50,678,000","48,545,000","33,272,000","43,091,000","53,135,000","44,418,000","37,631,000","45,091,000","54,717,000","36,938,000","34,299,000","39,502,000","41,179,000","39,448,000","36,428,000","45,507,000","48,999,000","-116,560,000","26,144,000","8,000,000","25,554,000","18,598,000","-1,456,000","15,581,000","14,797,000","2,360,000","17,168,000","14,303,000","11,665,000","7,756,000","11,567,000","23,259,000","18,487,000","13,280,000","5,206,000","10,499,000"
		NetIncomeIncludingNoncontrollingInterests,"560,123,000","155,641,000","126,676,000","131,714,000","146,092,000","155,398,000","120,298,000","106,865,000","118,766,000","93,530,000","64,098,000","58,142,000","68,434,000","48,189,000","41,736,000","51,954,000","47,849,000","50,392,000","26,812,000","41,052,000","50,242,000","50,678,000","48,545,000","33,272,000","43,091,000","53,135,000","44,418,000","37,631,000","45,091,000","54,717,000","36,938,000","34,299,000","39,502,000","41,179,000","39,448,000","36,428,000","45,507,000","48,999,000","-116,560,000","26,144,000","8,000,000","25,554,000","18,598,000","-1,456,000","15,581,000","14,797,000","2,360,000","17,168,000","14,303,000","11,665,000","7,756,000","11,567,000","23,259,000","18,487,000","13,280,000","5,206,000","10,499,000"
			NetIncomeContinuousOperations,"560,123,000","155,641,000","126,676,000","131,714,000","146,092,000","155,398,000","120,298,000","106,865,000","118,766,000","93,530,000","64,098,000","58,142,000","68,434,000","48,189,000","41,736,000","51,954,000","47,849,000","50,392,000","26,812,000","41,052,000","50,242,000","50,678,000","48,545,000","33,272,000","43,091,000","53,135,000","44,418,000","37,631,000","45,091,000","54,717,000","36,938,000","34,299,000","39,502,000","41,179,000","39,448,000","36,428,000","45,507,000","48,999,000","-116,560,000","26,144,000","8,000,000","25,554,000","18,598,000","-1,456,000","15,581,000","14,797,000","2,360,000","17,168,000","14,303,000","11,665,000","7,756,000","11,567,000","23,259,000","18,487,000","13,280,000","5,206,000","10,499,000"
AverageDilutionEarnings,,,,,,,,,,,,,,,,,,,,,,,,,,,,,,,,"0","0",,,,,,,,,,,,,,,,,,,,,,,,
DilutedNIAvailtoComStockholders,"560,123,000","155,641,000","126,676,000","131,714,000","146,092,000","155,398,000","120,298,000","106,865,000","118,766,000","93,530,000","64,098,000","58,142,000","68,434,000","48,189,000","41,736,000","51,954,000","47,849,000","50,392,000","26,812,000","41,052,000","50,242,000","50,678,000","48,545,000","33,272,000","43,091,000","53,135,000","44,418,000","37,631,000","45,091,000","54,717,000","36,938,000","34,299,000","39,502,000","41,179,000","39,448,000","36,428,000","45,507,000","48,999,000","-116,560,000","26,144,000","8,000,000","25,554,000","18,598,000","-1,456,000","15,581,000","14,797,000","2,360,000","17,168,000","14,303,000","11,665,000","7,756,000","11,567,000","23,259,000","18,487,000","13,280,000","5,206,000","10,499,000"
BasicEPS,,"1.96","1.57","1.61","1.75","1.84","1.4","1.22","1.33","1.04","0.71","0.65","0.76","0.54","0.47","0.58","0.54","0.57","0.29","0.43","0.52","0.52","0.5","0.33","0.43","0.52","0.44","0.36","0.42","0.51","0.34","0.31","0.36","0.38",,"0.33","0.41","0.44",,"0.244","0.092","0.294",,"-0.017","0.179","0.17",,"0.198","0.165","0.134",,"0.133","0.268","0.213",,"0.06","0.121"
DilutedEPS,,"1.92","1.53","1.57","1.71","1.79","1.36","1.19","1.3","1.01","0.69","0.63","0.74","0.52","0.46","0.58","0.53","0.56","0.28","0.43","0.52","0.52","0.49","0.33","0.42","0.51","0.43","0.36","0.42","0.51","0.34","0.31","0.35","0.37",,"0.32","0.4","0.43",,"0.244","0.08","0.257",,"-0.017","0.156","0.149",,"0.172","0.144","0.117",,"0.116","0.233","0.186",,"0.052","0.105"
BasicAverageShares,,"79,507,000","80,701,000","81,833,000","83,247,000","84,487,000","85,976,000","87,426,000","89,128,000","89,997,000","89,921,000","89,967,000","90,251,000","89,868,000","89,212,000","89,092,000","89,019,000","88,964,000","93,878,000","94,972,000","95,724,000","96,551,000","97,853,000","100,052,000","100,244,000","101,279,000","101,812,000","104,271,000","106,414,000","107,288,235","108,641,176","110,641,935","109,727,778","108,956,000",,"107,835,000","113,150,000","108,807,000",,"107,183,866","86,838,000","86,838,000",,"86,838,000","86,838,000","86,838,000",,"86,838,000","86,838,000","86,838,000",,"86,838,000","86,838,000","86,838,000",,"86,838,000","86,838,000"
DilutedAverageShares,,"81,166,000","82,695,000","83,844,000","85,350,000","86,742,000","88,163,000","89,878,000","91,684,000","92,784,000","92,386,000","92,042,000","92,013,000","92,004,000","91,014,000","89,951,000","89,699,000","89,621,000","95,340,000","96,472,000","97,239,000","98,227,000","99,469,000","101,834,000","102,029,000","103,339,000","103,411,000","105,705,000","107,695,000","107,297,000","108,644,000","111,877,000","112,834,000","112,529,000",,"111,173,000","113,150,000","113,196,000",,"107,183,866","99,612,000","99,612,000",,"99,612,000","99,612,000","99,612,000",,"99,612,000","99,612,000","99,612,000",,"99,612,000","99,612,000","99,612,000",,"99,612,000","99,612,000"
NetIncomeFromContinuingAndDiscontinuedOperation,"560,123,000","155,641,000","126,676,000","131,714,000","146,092,000","155,398,000","120,298,000","106,865,000","118,766,000","93,530,000","64,098,000","58,142,000","68,434,000","48,189,000","41,736,000","51,954,000","47,849,000","50,392,000","26,812,000","41,052,000","50,242,000","50,678,000","48,545,000","33,272,000","43,091,000","53,135,000","44,418,000","37,631,000","45,091,000","54,717,000","36,938,000","34,299,000","39,502,000","41,179,000","39,448,000","36,428,000","45,507,000","48,999,000","-116,560,000","26,144,000","8,000,000","25,554,000","18,598,000","-1,456,000","15,581,000","14,797,000","2,360,000","17,168,000","14,303,000","11,665,000","7,756,000","11,567,000","23,259,000","18,487,000","13,280,000","5,206,000","10,499,000"
NormalizedIncome,"560,123,000","155,641,000","126,676,000","131,714,000","146,092,000","155,398,000","120,298,000","106,865,000","118,766,000","93,530,000","64,098,000","58,905,336","68,434,000","61,717,960","41,736,000","51,954,000","47,849,000","50,392,000","27,100,000","42,894,600","52,937,200","53,032,400","55,851,825.395","39,228,800","48,681,350","57,578,240","51,529,917.178","41,610,948","54,297,988","58,363,348","37,350,750","35,064,811.59","46,975,700","46,331,378.954","44,551,312.805","46,254,700","50,505,119.079","50,935,337.048","-92,831,194.495","27,354,950","47,500,231.803","28,120,850","34,312,796.958","25,986,350","15,581,000","14,797,000","2,360,000","17,168,000","14,303,000","11,665,000","7,756,000","11,567,000","23,259,000","18,487,000","13,280,000","5,206,000","10,499,000"
InterestIncome,"43,729,000","9,542,000","10,966,000","11,531,000","11,690,000","12,321,000","11,784,000","10,512,000","10,133,000","7,781,000","6,542,000","6,162,000","5,976,000","5,793,000","5,342,000","5,372,000","5,238,000","5,330,000","4,216,000","5,221,000","5,177,000","4,578,000","4,703,000","4,727,000","4,791,000","4,761,000","4,544,000","4,509,000","4,426,000","4,408,000","4,603,000","4,629,000","4,800,000","4,710,000","4,777,000","5,036,000","5,110,000","14,333,000","4,925,000","5,105,000","4,906,000","4,871,000","5,003,000","5,044,000","5,042,000","5,456,000","6,535,000","9,265,000","9,605,000","9,060,000","10,473,000","9,582,000","8,743,000","7,910,000","8,399,000","7,443,000","6,919,000"
InterestExpense,"126,603,000","29,318,000","31,384,000","31,944,000","33,957,000","32,716,000","31,756,000","31,705,000","31,940,000","29,622,000","28,894,000","26,519,000","26,261,000","25,351,000","24,895,000","23,889,000","23,804,000","23,890,000","18,465,000","13,493,000","13,163,000","14,015,000","12,887,000","12,897,000","12,914,000","12,840,000","13,256,000","13,363,000","12,667,000","12,160,000","12,529,000","12,826,000","13,439,000","16,032,000","15,835,000","16,603,000","18,154,000","18,172,000","18,877,000","19,511,000","27,683,000","24,336,000","24,160,000","24,678,000","26,081,000","26,003,000","29,492,000","27,401,000","28,765,000","30,681,000","31,045,000","31,040,000","31,017,000","30,746,000","30,864,000","31,155,000","31,958,000"
NetInterestIncome,"-82,874,000","-19,776,000","-20,418,000","-20,413,000","-22,267,000","-20,395,000","-19,972,000","-21,193,000","-21,807,000","-21,841,000","-22,352,000","-20,357,000","-20,285,000","-19,558,000","-19,553,000","-18,517,000","-18,566,000","-18,560,000","-14,249,000","-8,272,000","-7,986,000","-9,437,000","-8,184,000","-8,170,000","-8,123,000","-8,079,000","-8,712,000","-8,854,000","-8,241,000","-7,752,000","-7,926,000","-8,197,000","-8,639,000","-11,322,000","-11,058,000","-11,567,000","-13,044,000","-3,839,000","-13,952,000","-14,406,000","-22,777,000","-19,465,000","-19,157,000","-19,634,000","-21,039,000","-20,547,000","-22,957,000","-18,136,000","-19,160,000","-21,621,000","-20,572,000","-21,458,000","-22,274,000","-22,836,000","-22,465,000","-23,712,000","-25,039,000"
ReconciledDepreciation,"164,689,000","43,214,000","42,294,000","40,348,000","38,833,000","39,638,000","37,569,000","38,514,000","37,902,000","33,923,000","30,135,000","31,348,000","30,643,000","30,238,000","29,282,000","27,936,000","28,258,000","28,487,000","32,058,000","26,766,000","26,732,000","26,066,000","26,227,000","24,519,000","23,818,000","22,281,000","22,052,000","21,432,000","20,245,000","19,774,000","18,786,000","18,423,000","17,412,000","17,175,000","16,947,000","19,222,000","18,407,000","18,165,000","18,565,000","19,772,000","22,110,000","25,590,000","26,700,000","26,924,000","27,277,000","27,395,000","28,283,000","24,786,000","23,771,000","23,622,000","21,947,000","20,643,000","18,469,000","17,689,000","16,533,000","16,399,000","16,326,000"
NetIncomeFromContinuingOperationNetMinorityInterest,"560,123,000","155,641,000","126,676,000","131,714,000","146,092,000","155,398,000","120,298,000","106,865,000","118,766,000","93,530,000","64,098,000","58,142,000","68,434,000","48,189,000","41,736,000","51,954,000","47,849,000","50,392,000","26,812,000","41,052,000","50,242,000","50,678,000","48,545,000","33,272,000","43,091,000","53,135,000","44,418,000","37,631,000","45,091,000","54,717,000","36,938,000","34,299,000","39,502,000","41,179,000","39,448,000","36,428,000","45,507,000","48,999,000","-116,560,000","26,144,000","8,000,000","25,554,000","18,598,000","-1,456,000","15,581,000","14,797,000","2,360,000","17,168,000","14,303,000","11,665,000","7,756,000","11,567,000","23,259,000","18,487,000","13,280,000","5,206,000","10,499,000"
TotalUnusualItemsExcludingGoodwill,,"0","-3,156,000",,,,"0","0",,,"0","-1,268,000","0","-21,139,000","0",,"0","0","-480,000","-3,071,000","-4,492,000","-3,924,000","-12,122,000","-9,928,000","-9,225,000","-7,320,000","-10,335,000","-6,482,000","-15,294,000","-6,037,000","-635,000","-1,211,000","-11,498,000","-8,366,000","-8,226,000","-15,118,000","-8,290,000","-3,223,000","-38,314,000","-1,863,000","-42,601,000","-3,949,000","-17,000,000","-42,219,000",,,,,,,,,,,,,
TotalUnusualItems,,"0","-3,156,000",,,,"0","0",,,"0","-1,268,000","0","-21,139,000","0",,"0","0","-480,000","-3,071,000","-4,492,000","-3,924,000","-12,122,000","-9,928,000","-9,225,000","-7,320,000","-10,335,000","-6,482,000","-15,294,000","-6,037,000","-635,000","-1,211,000","-11,498,000","-8,366,000","-8,226,000","-15,118,000","-8,290,000","-3,223,000","-38,314,000","-1,863,000","-42,601,000","-3,949,000","-17,000,000","-42,219,000",,,,,,,,,,,,,
TaxRateForCalcs,"0.249","0.25","0.232","0.26","0.251","0.237","0.259","0.275","0.271","0.22","0.198","0.398","0.393","0.36","0.357","0.238","0.4","0.4","0.4","0.4","0.4","0.4","0.397","0.4","0.394","0.393","0.312","0.386","0.398","0.396","0.35","0.368","0.35","0.384","0.38","0.35","0.397","0.399","0.381","0.35","0.073","0.35","0.076","0.35","0.35","0.35","0.35","0.35","0.35","0.35","0.35","0.365","0.35","0.35","0.4","0.4","0.336"
TaxEffectOfUnusualItems,"0","0","0","0","0","0","0","0","0","0","0","-504,664","0","-7,610,040","0","0","0","0","-192,000","-1,228,400","-1,796,800","-1,569,600","-4,815,174.605","-3,971,200","-3,634,650","-2,876,760","-3,223,082.822","-2,502,052","-6,087,012","-2,390,652","-222,250","-445,188.41","-4,024,300","-3,213,621.046","-3,122,687.195","-5,291,300","-3,291,880.921","-1,286,662.952","-14,585,194.495","-652,050","-3,100,768.197","-1,382,150","-1,285,203.042","-14,776,650","0","0","0","0","0","0","0","0","0","0","0","0","0"