name,ttm,12/31/2019,09/30/2019,06/30/2019,03/31/2019,12/31/2018,09/30/2018,06/30/2018,03/31/2018,12/31/2017,09/30/2017,06/30/2017,03/31/2017,12/31/2016,09/30/2016,06/30/2016,03/31/2016,12/31/2015,09/30/2015,06/30/2015,03/31/2015,12/31/2014,09/30/2014,06/30/2014,03/31/2014,12/31/2013,09/30/2013,06/30/2013,03/31/2013,12/31/2012,09/30/2012,06/30/2012,03/31/2012,12/31/2011,09/30/2011,06/30/2011,03/31/2011,12/31/2010,09/30/2010,06/30/2010,03/31/2010,12/31/2009,09/30/2009,06/30/2009,03/31/2009,12/31/2008,09/30/2008,06/30/2008,03/31/2008,12/31/2007,09/30/2007,06/30/2007,03/31/2007,12/31/2006,09/30/2006,06/30/2006,03/31/2006,12/31/2005,09/30/2005,06/30/2005,03/31/2005,12/31/2004,09/30/2004,06/30/2004,03/31/2004,09/30/2003,06/30/2003,03/31/2003,12/31/2002,09/30/2002,06/30/2002,03/31/2002,12/31/2001,09/30/2001,06/30/2001,03/31/2001,12/31/2000,09/30/2000,06/30/2000,03/31/2000
TotalRevenue,"476,106,000,000","99,050,000,000","133,882,000,000","125,149,000,000","118,025,000,000","130,064,000,000","127,958,000,000","114,346,000,000","107,925,000,000",,"114,567,000,000",,"104,683,000,000","111,590,000,000","112,182,000,000",,"108,090,000,000","113,325,000,000","115,035,000,000",,,"107,188,000,000","107,148,000,000","98,860,000,000","97,562,000,000","104,751,000,000","103,388,000,000","97,450,000,000",,"88,488,241,712.52",,"101,139,682,711.62","88,381,222,038","96,514,611,432.33","104,356,655,430.16","87,675,349,368.96","83,732,440,457.85","93,225,224,235.4","88,478,432,514","86,839,690,759.36","77,188,034,449.35","112,956,320,515.11","68,064,747,938.45","63,046,785,434.15","61,374,356,883.54","101,939,114,206.92","72,149,414,390.08",,"55,799,062,875.36","55,509,183,821.13","55,056,934,310.42",,"45,246,434,914.23","45,374,084,460.92","48,161,233,852.68","40,081,052,322.39",,"39,189,296,864.2",,"35,431,753,874.4","29,443,673,494.2","25,587,042,572.76",,,"23,105,286,869.55","22,573,843,750","18,938,718,750","14,390,163,736.65","13,244,376,424.06","12,334,856,464.44",,"7,727,723,316.04","8,533,902,749.55","7,728,237,331.92","5,999,177,524.2","4,787,778,555.47","5,067,028,588.76","4,063,544,109.4","3,368,857,822.5","2,924,237,916.68"
	OperatingRevenue,"476,106,000,000","99,050,000,000","133,882,000,000","125,149,000,000","118,025,000,000","130,064,000,000","127,958,000,000","114,346,000,000","107,925,000,000",,"114,567,000,000",,"104,683,000,000","111,590,000,000","112,182,000,000",,"108,090,000,000","113,325,000,000","115,035,000,000",,,"107,188,000,000","107,148,000,000","98,860,000,000","97,562,000,000","104,751,000,000","103,388,000,000","97,450,000,000",,"88,488,241,712.52",,"101,139,682,711.62","88,381,222,038","96,514,611,432.33","104,356,655,430.16","87,675,349,368.96","83,732,440,457.85","93,225,224,235.4","88,478,432,514","86,839,690,759.36","77,188,034,449.35","112,956,320,515.11","68,064,747,938.45","63,046,785,434.15","61,374,356,883.54","101,939,114,206.92","72,149,414,390.08",,"55,799,062,875.36","55,509,183,821.13","55,056,934,310.42",,"45,246,434,914.23","45,374,084,460.92","48,161,233,852.68","40,081,052,322.39",,"39,189,296,864.2",,"35,431,753,874.4","29,443,673,494.2","25,587,042,572.76",,,"23,105,286,869.55","22,573,843,750","18,938,718,750","14,390,163,736.65","13,244,376,424.06","12,334,856,464.44",,"7,727,723,316.04","8,533,902,749.55","7,728,237,331.92","5,999,177,524.2","4,787,778,555.47","5,067,028,588.76","4,063,544,109.4","3,368,857,822.5","2,924,237,916.68"
CostOfRevenue,"178,884,000,000","40,631,000,000","49,061,000,000","46,613,000,000","42,579,000,000","50,145,000,000","49,411,000,000","40,345,000,000","36,369,000,000",,"43,127,000,000",,"39,574,000,000","45,180,000,000","44,550,000,000",,"44,344,000,000","46,870,000,000","45,174,000,000",,,"32,343,000,000","29,959,000,000","26,219,000,000","26,161,000,000","29,027,000,000","27,139,000,000","25,244,000,000",,"65,767,664,846.76",,"28,198,477,534.17","25,034,513,400.27","27,746,015,247.93","29,955,065,525.7","24,793,837,770.04","24,380,220,223.23","28,187,888,508","22,051,807,620","21,644,798,944.64","19,600,588,444.8","24,541,562,842.8","17,632,580,047.67","15,824,426,260.16","15,287,431,454.82","24,428,680,824.52","16,578,234,572.52",,"13,673,445,889.62","12,970,261,156.25","12,430,539,944.69",,"10,493,899,334.38","10,315,161,163.72","10,399,883,362.28","8,957,099,760.76",,"8,264,700,306.92",,"6,714,413,748.9","5,648,690,158.2","4,603,575,326.58",,,"4,354,800,217.74","3,918,093,750","6,350,218,750","5,275,904,122.71","9,969,740,237.18","2,627,206,204.71",,"3,083,392,937.95","5,740,730,207.27","1,712,460,811.2",,"1,878,226,327.6","4,109,234,085","967,229,738.12","847,077,150","750,940,605.92"
GrossProfit,"297,222,000,000","58,419,000,000","84,821,000,000","78,536,000,000","75,446,000,000","79,919,000,000","78,547,000,000","74,001,000,000","71,556,000,000",,"71,440,000,000",,"65,109,000,000","66,410,000,000","67,632,000,000",,"63,746,000,000","66,455,000,000","69,861,000,000",,,"74,845,000,000","77,189,000,000","72,641,000,000","71,401,000,000","75,724,000,000","76,249,000,000","72,206,000,000",,"22,720,576,865.76",,"72,941,205,177.45","63,346,708,637.73","68,768,596,184.4","74,401,589,904.46","62,881,511,598.92","59,352,220,234.62","65,037,335,727.4","66,426,624,894","65,194,891,814.72","57,587,446,004.55","88,414,757,672.31","50,432,167,890.78","47,222,359,173.99","46,086,925,428.72","77,510,433,382.4","55,571,179,817.56",,"42,125,616,985.74","42,538,922,664.88","42,626,394,365.73",,"34,752,535,579.85","35,058,923,297.2","37,761,350,490.4","31,123,952,561.63",,"30,924,596,557.28",,"28,717,340,125.5","23,794,983,336","20,983,467,246.18",,,"18,750,486,651.81","18,655,750,000","12,588,500,000","9,114,259,613.94","3,274,636,186.88","9,707,650,259.73",,"4,644,330,378.09","2,793,172,542.28","6,015,776,520.72",,"2,909,552,227.87","957,794,503.76","3,096,314,371.28","2,521,780,672.5","2,173,297,310.76"
OperatingExpense,"180,009,000,000","31,543,000,000","50,235,000,000","50,591,000,000","47,640,000,000","52,869,000,000","46,678,000,000","47,485,000,000","45,502,000,000",,"43,611,000,000",,"44,175,000,000","45,871,000,000","44,275,000,000",,"43,416,000,000","44,995,000,000","43,425,000,000",,,"53,305,000,000","44,433,000,000","47,668,000,000","47,964,000,000","48,574,000,000","48,844,000,000","46,636,000,000",,"-2,341,322,766.06",,"63,355,944,390.18","44,235,801,629.91","45,299,827,695.85","47,161,342,607.89","43,993,167,981.16","42,985,783,475.82","45,135,685,727.8","42,241,586,211","41,553,445,051.52","37,622,818,625.25","58,934,382,092.97","31,267,471,046.27","30,135,479,030.86","30,337,577,052","46,918,075,236.72","31,572,257,120.2",,"25,600,743,708.9","27,301,619,007.6","22,705,699,001.79",,"19,235,498,368.9","18,681,598,660.94","19,396,240,864.32","18,626,704,640.93",,"20,195,150,996.76",,"16,262,524,254.6","14,359,942,638.3","13,956,681,916.68",,,"9,983,429,070.6","10,068,656,250","5,544,125,000","4,287,936,212.82","-738,830,319.69","5,079,269,561.91",,"2,069,504,553.09","-1,186,678,951.28","2,867,120,920.56",,"386,297,376.82","-93,800,351.67","2,068,622,345.2","1,536,499,152.5","1,228,058,990.44"
	SellingGeneralAndAdministration,"85,497,000,000","15,274,000,000","24,189,000,000","23,770,000,000","22,264,000,000","17,869,000,000","21,666,000,000","21,927,000,000","19,622,000,000",,"23,192,000,000",,"23,263,000,000","12,046,000,000","22,846,000,000",,"23,667,000,000","13,666,000,000","21,561,000,000",,,"17,108,000,000","27,093,000,000","27,810,000,000","27,723,000,000","27,426,000,000","27,350,000,000","27,163,000,000",,"-30,994,758,357.54",,"26,225,850,384.72","24,148,384,464.6","24,378,049,680.32","25,789,769,352.69","24,392,576,499.57","25,185,442,747.38","25,697,798,598","24,707,836,686","23,777,975,581.76","21,461,468,085","35,758,877,010.84","16,825,760,450.87","16,053,960,495.79","15,876,506,997.6","18,436,305,578.16","18,289,566,329.56",,"14,556,909,475.32","15,713,631,587.47","13,440,714,019.46",,"11,287,269,780.93","11,450,078,366.5","11,966,941,364.44","11,506,273,998.07",,"15,068,421,502.86",,"9,450,460,059.3","8,259,302,671.35","9,649,709,876.07",,,"6,159,086,022.24","6,526,843,750","2,432,125,000","1,862,451,929.52","-2,648,200,793.99","3,172,222,047.75",,"789,644,463.01","-2,414,596,936.91","1,782,012,975.12",,"597,957,707.3","-880,731,131.31","1,429,652,213.7","976,019,245","688,037,437.32"
		GeneralAndAdministrativeExpense,"67,981,000,000",,,,,,,,,,,,,,,,,,,,,"11,069,000,000","21,664,000,000","22,415,000,000","22,678,000,000","21,333,000,000","21,565,000,000","21,346,000,000",,"-36,849,316,899.53",,"20,326,271,495.52","19,603,986,132.96","17,952,456,139.94","18,830,751,193.87","18,052,917,484.48","18,468,634,042.21","17,274,582,737.4","18,156,979,216","17,783,708,817.92","16,370,680,308.75","28,671,320,789.41","11,238,684,821.08","10,502,711,013.06","10,497,541,269.9",,,,,,,,,,,,,,,,,,,,,,,,,,,,,,,,,,,
			SalariesAndWages,"51,091,000,000"
			OtherGandA,"16,890,000,000",,,,,,,,,,,,,,,,,,,,,"-54,438,000,000","21,664,000,000","22,415,000,000","22,678,000,000","21,333,000,000","21,565,000,000","21,346,000,000",,"-50,256,546,230.75",,"20,326,271,495.52","19,603,986,132.96","17,952,456,139.94","18,830,751,193.87","18,052,917,484.48","18,468,634,042.21","17,274,582,737.4","18,156,979,216","17,783,708,817.92","16,370,680,308.75","28,671,320,789.41","11,238,684,821.08","10,502,711,013.06","10,497,541,269.9",,,,,,,,,,,,,,,,,,,,,,,,,,,,,,,,,,,
		SellingAndMarketingExpense,"17,516,000,000",,,,,,,,,,,,,,,,,,,,,"6,039,000,000","5,429,000,000","5,395,000,000","5,045,000,000","6,093,000,000","5,785,000,000","5,817,000,000",,"5,854,558,541.99",,"5,899,578,889.2","4,544,398,331.64","6,425,593,540.38","6,959,018,158.82","6,339,659,015.09","6,716,808,705.17","8,423,215,860.6","6,550,857,470","5,994,266,763.84","5,090,787,776.25","7,087,556,221.43","5,587,075,629.79","5,551,249,482.73","5,378,965,727.7",,,,,,,,,,,,,,,,,,,,,,,,,,,,,,,,,,,
	DepreciationAmortizationDepletionIncomeStatement,"96,279,000,000","15,956,000,000","26,930,000,000","26,975,000,000","26,418,000,000","26,525,000,000","26,455,000,000","26,286,000,000","25,322,000,000",,"20,049,000,000",,"20,130,000,000","20,390,000,000","21,539,000,000",,"20,248,000,000","21,104,000,000","20,700,000,000",,,"19,404,000,000","19,034,000,000","18,258,000,000","18,014,000,000","17,769,000,000","18,895,000,000","18,819,000,000",,"14,698,411,972.12",,"18,758,049,918.51","17,872,871,952.15","17,990,166,137.3","18,709,495,622.72","17,670,714,512.81","16,037,869,439.27","16,450,403,355.4","15,616,853,911","15,039,504,627.52","14,098,935,639.15","19,503,810,258.79","12,729,320,044.9","12,646,017,722.59","12,461,137,721.52","19,240,679,026.6","13,282,690,790.64",,"11,043,834,233.58","11,587,987,420.13","9,264,984,982.33",,"7,948,228,587.97","7,231,520,294.44","7,429,299,499.88","7,120,430,642.86",,"7,357,016,814.32",,"6,214,814,810.1","5,519,999,365.2","5,538,661,745.73",,,"3,824,343,048.36","3,541,812,500","3,112,000,000","2,425,484,283.3","1,909,370,474.3","1,907,047,514.16",,"1,279,860,090.08","1,303,415,785.23","1,029,654,590.88",,"786,068,234.96","786,930,779.64","638,970,131.5","560,479,907.5","540,021,553.12"
		DepreciationAndAmortizationInIncomeStatement,"96,279,000,000","15,956,000,000","26,930,000,000","26,975,000,000","26,418,000,000","26,525,000,000","26,455,000,000","26,286,000,000","25,322,000,000",,"20,049,000,000",,"20,130,000,000","20,390,000,000","21,539,000,000",,"20,248,000,000","21,104,000,000","20,700,000,000",,,"19,404,000,000","19,034,000,000","18,258,000,000","18,014,000,000","17,769,000,000","18,895,000,000","18,819,000,000",,"14,698,411,972.12",,"18,758,049,918.51","17,872,871,952.15","17,990,166,137.3","18,709,495,622.72","17,670,714,512.81","16,037,869,439.27","16,450,403,355.4","15,616,853,911","15,039,504,627.52","14,098,935,639.15","19,503,810,258.79","12,729,320,044.9","12,646,017,722.59","12,461,137,721.52","19,240,679,026.6","13,282,690,790.64",,"11,043,834,233.58","11,587,987,420.13","9,264,984,982.33",,"7,948,228,587.97","7,231,520,294.44","7,429,299,499.88","7,120,430,642.86",,"7,357,016,814.32",,"6,214,814,810.1","5,519,999,365.2","5,538,661,745.73",,,"3,824,343,048.36","3,541,812,500","3,112,000,000","2,425,484,283.3","1,909,370,474.3","1,907,047,514.16",,"1,279,860,090.08","1,303,415,785.23","1,029,654,590.88",,"786,068,234.96","786,930,779.64","638,970,131.5","560,479,907.5","540,021,553.12"
	ProvisionForDoubtfulAccounts,,,,,,,,,,,,,,,,,,,,,,"769,000,000","764,000,000","674,000,000","1,059,000,000","1,506,000,000","525,000,000","567,000,000",,"498,094,022.8",,"444,930,353.85","1,149,794,596.08","828,894,583.58","756,341,583.62","856,670,531.06","896,689,410.2","1,273,838,589","714,785,455","746,459,880.64","1,006,200,072","1,632,962,782.99","497,628,798.19","333,343,688.93","963,155,306.34",,,,,,,,,,,,,,,,,,,,,,,,,,,,,,,,,,,
	OtherTaxes,"2,490,000,000",,,,,,,,,,,,,,,,,,,,,,,,,,,,,"-9,317,007,906.61",,"16,196,955,000",,,,,,,,,,,,,,,,,,,,,,,,,,,,,,,,,,,,,,,,,,,,,,,,
	OtherOperatingExpenses,"-4,257,000,000","-2,177,000,000","-884,000,000","-154,000,000","-1,042,000,000","4,465,000,000","-1,443,000,000","-728,000,000","558,000,000",,"370,000,000",,"782,000,000","9,629,000,000","-110,000,000",,"-499,000,000","7,734,000,000","1,164,000,000",,,"10,111,000,000","-2,458,000,000","926,000,000","1,168,000,000","1,873,000,000","2,074,000,000","87,000,000",,"22,773,937,503.17",,"1,730,158,733.1","1,064,750,617.08","2,102,717,294.65","1,905,736,048.86","1,073,206,437.72","865,781,878.97","1,713,645,185.4","1,202,110,159","1,989,504,961.6","1,056,214,829.1","2,038,732,040.35","1,214,761,752.31","1,102,157,123.55","1,036,777,026.54",,,,,,,,,,,,,,,"597,249,385.2","580,640,601.75",,,,,,,,,,,,,"55,453,354.56",,"-997,728,565.44",,,,
OperatingIncome,"117,213,000,000","26,876,000,000","34,586,000,000","27,945,000,000","27,806,000,000","27,050,000,000","31,869,000,000","26,516,000,000","26,054,000,000",,"27,829,000,000",,"20,934,000,000","20,539,000,000","23,357,000,000",,"20,330,000,000","21,460,000,000","26,436,000,000",,,"21,540,000,000","32,756,000,000","24,973,000,000","23,437,000,000","27,150,000,000","27,405,000,000","25,570,000,000",,"25,061,899,631.82",,"9,585,260,787.27","19,110,907,007.82","23,468,768,488.55","27,240,247,296.57","18,888,343,617.76","16,366,436,758.8","19,901,649,999.6","24,185,038,683","23,641,446,763.2","19,964,627,379.3","29,480,375,579.34","19,164,696,844.51","17,086,880,143.13","15,749,348,376.72","30,592,358,145.68","23,998,922,697.36",,"16,524,873,276.84","15,237,303,657.28","19,920,695,363.94",,"15,517,037,210.95","16,377,324,636.26","18,365,109,626.08","12,497,247,920.7",,"10,729,445,560.52",,"12,454,815,870.9","9,435,040,697.7","7,026,785,329.5",,,"8,767,057,581.21","8,587,093,750","7,044,375,000","4,826,323,401.12","4,013,466,506.57","4,628,380,697.82",,"2,574,825,825","3,979,851,493.56","3,148,655,600.16","5,999,177,524.2","2,523,254,851.05","1,051,594,855.43","1,027,692,026.08","985,281,520","945,238,320.32"
NetNonOperatingInterestIncomeExpense,"-42,232,000,000","-9,513,000,000","-11,906,000,000","-11,289,000,000","-9,524,000,000","-8,939,000,000","-5,979,000,000","-7,859,000,000","-8,399,000,000",,"-4,398,000,000",,"-5,472,000,000","-4,349,000,000","-4,684,000,000",,"-5,038,000,000","-5,370,000,000","-4,836,000,000",,,"-3,176,000,000","-3,062,000,000","-2,481,000,000","-3,215,000,000","-2,308,000,000","-3,414,000,000","-3,240,000,000",,"-3,660,505,399.84",,"-3,952,737,292.11","-3,867,712,188.39","-3,410,945,507.48","-5,024,728,892.68","-4,077,999,485.73","-4,549,343,163.29","-3,748,512,389.4","-5,163,872,757","-6,191,259,240","-6,057,897,211.65","-7,939,892,424.41","-2,759,154,933.64","-1,686,732,159.07","-1,847,260,562.88",,,,,,,,,,,,,,,,,,,,,,,,,,,,,,,,,,,
	InterestIncomeNonOperating,"3,413,000,000","-563,000,000","1,053,000,000","1,166,000,000","1,757,000,000","1,702,000,000","1,415,000,000","1,251,000,000","1,171,000,000",,"1,696,000,000",,"973,000,000","602,000,000","1,180,000,000",,"1,696,000,000","1,217,000,000","1,935,000,000",,,"1,106,000,000","1,097,000,000","1,358,000,000","958,000,000","675,000,000","622,000,000","942,000,000",,"339,792,429.7",,"950,631,682.86","845,278,500.24",,,"446,580,783.94","315,182,617.64","836,919,598.4","598,942,488","495,614,022.4","675,819,238.5","1,624,369,345.36","860,967,757.24","550,782,408.68","288,447,864.12",,,,,,,,,,,,,,,,,,,,,,,,,,,,,,,,,,,
	InterestExpenseNonOperating,"43,573,000,000","6,878,000,000","12,959,000,000","12,455,000,000","11,281,000,000","13,634,000,000","7,394,000,000","9,110,000,000","9,570,000,000",,"6,094,000,000",,"6,445,000,000","2,552,000,000","5,864,000,000",,"6,734,000,000","6,662,000,000","6,771,000,000",,,"4,282,000,000","4,159,000,000","3,839,000,000","4,173,000,000","2,983,000,000","4,036,000,000","4,182,000,000",,"4,000,297,829.54",,"4,903,368,974.97","4,712,990,688.63","5,412,129,093.14","5,024,728,892.68","4,524,580,269.67","4,864,525,780.93","4,585,431,987.8","5,762,815,245","6,686,873,262.4","6,733,716,450.15","9,564,261,769.77","3,620,122,690.88","2,237,514,567.75","2,135,708,427",,,,,,,,,,,,,,,,,,,,,,,,,,,,,,,,,,,
	TotalOtherFinanceCost,"2,072,000,000"
OtherIncomeExpense,"-8,108,000,000","-10,482,000,000","2,447,000,000","-305,000,000","232,000,000","1,568,000,000","-268,000,000","-386,000,000","2,624,000,000",,"197,000,000",,"812,000,000","356,000,000","1,090,000,000",,"2,288,000,000","-6,837,000,000","-3,507,000,000",,,"-14,059,000,000","-9,536,000,000","4,753,000,000","-3,190,000,000","746,000,000","650,000,000","7,501,000,000",,"-577,156,838.9",,"-25,096,793,045.58","4,705,366,056.03","8,825,574,086.35","-5,785,404,446.78","-41,395,746.07","2,531,164,136.52","-4,010,249,976.8","463,067,898","-1,494,768,132.16","-2,201,239,805.4","-5,644,406,016.57","354,484,354.1","280,659,612.03","263,748,964.44","-14,096,806,042.52","-4,773,108,636.84",,"2,499,449,115.54","279,213,861.71","2,372,451,914.7",,"1,454,231,010.1","-8,618,440,013.52","489,980,233.22","308,099,431.23",,"2,621,975,517.74",,"-403,553,077.2","-356,629,485.45","386,769,637.74",,,"522,742,883.28","-248,843,750","1,906,250","15,870,970.44","131,907,571.23","-56,190,473.1",,"-83,892,506.88","-159,433,832.07","-105,108,242.64",,"-50,093,712.6","-16,031,449.74","-27,116,251.5","40,529,470","-13,526,330.56"
	GainOnSaleOfSecurity,"-6,129,000,000","-8,095,000,000","63,000,000","799,000,000","1,104,000,000","3,728,000,000","-1,849,000,000","-1,501,000,000","404,000,000",,"83,000,000",,"911,000,000","315,000,000","-205,000,000",,"2,273,000,000","-2,171,000,000","-3,345,000,000",,,"-8,936,000,000","-9,523,000,000","4,201,000,000","-3,766,000,000","-840,000,000","-28,000,000","-3,134,000,000",,"775,885,385.41",,"-6,444,509,243.22","5,106,802,962.42","8,631,284,209.1","-6,096,876,707.6","-280,605,422.92","2,544,234,911.5",,,,,,,,,,,,,,,,,,,,,,,,,,,,,,,,,,,,,,,,,,,
	EarningsFromEquityInterest,"8,079,000,000","4,579,000,000","1,298,000,000","1,169,000,000","1,033,000,000","81,000,000","974,000,000","1,085,000,000","750,000,000",,"891,000,000",,"781,000,000","-429,000,000","795,000,000",,"701,000,000","-2,850,000,000","883,000,000",,,,,,,,,,,,,,,,,,,,,,,,,,,,,,,,,,,,,,,,,,,,,,,,,,,,,,,,,,,,,
	SpecialIncomeCharges,"-7,608,000,000","148,000,000",,,,"-3,843,000,000","0",,,,"-1,146,000,000",,,,,,,"-3,516,000,000",,,,,,,"0","0","-10,000,000","-3,000,000",,"-1,497,787,056.86",,"-18,652,283,802.36","-401,436,906.39","-1,387,329,394.57","311,472,260.82","239,209,676.85","-13,070,774.98","-6,790,519,661.6","463,067,898","-1,494,768,132.16","-2,201,239,805.4","-7,461,883,989.87","354,484,354.1","280,659,612.03","263,748,964.44","-16,341,826,944.6","-4,773,108,636.84",,"2,499,449,115.54","-1,505,991,518.94","2,372,451,914.7",,"1,454,231,010.1","-10,147,185,735.18","489,980,233.22","308,099,431.23",,"1,404,561,891.52",,"-403,553,077.2","-356,629,485.45","386,769,637.74",,,"522,742,883.28","-248,843,750","1,906,250","15,870,970.44","131,907,571.23","-56,190,473.1",,"-83,892,506.88","-159,433,832.07","-105,108,242.64",,"-50,093,712.6","-16,031,449.74","-27,116,251.5","40,529,470","-13,526,330.56"
		ImpairmentOfCapitalAssets,"148,000,000","148,000,000",,,,"149,000,000",,,,,,,,,,,,"3,516,000,000",,,,,,,"0","0","10,000,000","3,000,000",,"597,258,511.8",,"18,798,283,154.73","59,354,832.24","183,536,784.06","63,001,909.11","48,010,096.83","275,057,050.78",,,,,,,,,,,,,,,,,,,,,,,,,,,,,,,,,,,,,,,,,,,
		WriteOff,"7,756,000,000","148,000,000",,,,"3,694,000,000","0",,,,"1,146,000,000",,,,,,,,,,,,,,,,,,,,,,,,,,,,,,,,,,,,,,,,,,,,,,,,,,,,,,,,,,,,,,,,,,,,,
		OtherSpecialCharges,,,,,,,,,,,,,,,,,,,,,,,,,,,,,,,,"-145,999,352.37","342,082,074.15","1,203,792,610.51","-374,474,169.93","-287,219,773.68","-261,986,275.8",,,,,,,,,,,,,,,,,,,,,,,,,,,,,,,,,,,,,,,,,,,
	OtherNonOperatingIncomeExpenses,"-2,450,000,000","642,000,000","1,086,000,000","-2,273,000,000","-1,905,000,000","1,602,000,000","607,000,000","30,000,000","1,470,000,000",,"369,000,000",,"-880,000,000","470,000,000","500,000,000",,"-686,000,000","1,700,000,000","-1,045,000,000",,,"-1,886,000,000","-13,000,000","552,000,000","576,000,000","-956,000,000","688,000,000","10,638,000,000",,"216,190,760.39",,,,,,,,,,,,,,,,,,,,,,,,,,,,,,,,,,,,,,,,,,,,,,,,,,
PretaxIncome,"66,873,000,000","6,881,000,000","25,127,000,000","16,351,000,000","18,514,000,000","19,679,000,000","25,622,000,000","18,271,000,000","20,279,000,000",,"23,628,000,000",,"16,274,000,000","16,546,000,000","19,763,000,000",,"17,580,000,000","9,253,000,000","18,092,000,000",,,"4,305,000,000","20,158,000,000","27,245,000,000","17,032,000,000","25,588,000,000","24,641,000,000","29,831,000,000",,"20,824,237,393.08",,"-19,464,269,550.42","19,948,560,875.46","17,488,100,523.67","16,853,026,620.64","14,768,948,385.96","14,348,257,732.03","10,960,261,951.4","20,056,366,158","15,955,419,391.04","16,264,923,012.45","6,667,415,923.61","18,692,281,158.72","21,842,288,324.57","-1,523,664,264.6","15,144,855,731.28","18,593,730,112.6",,"18,160,770,157.47","15,243,726,751.3","21,633,462,042.08",,"16,185,380,685.54","6,811,382,673.16","17,678,939,046.32","11,633,822,703.23",,"10,078,959,722.84",,"11,967,509,197.8","8,953,118,747.55","5,556,776,328.27",,,"8,673,314,719.38","6,870,312,500","5,764,593,750","3,893,129,694.09","2,503,553,443.68","4,275,587,066.43",,"2,185,293,690.19","3,598,696,540.24","3,027,888,554.64",,"1,560,850,989.84","1,123,570,087.34","1,075,750,367.2","1,003,553,462.5","866,344,277.88"
TaxProvision,"15,750,000,000","1,674,000,000","6,461,000,000","3,479,000,000","4,136,000,000","2,152,000,000","6,220,000,000","3,847,000,000","4,750,000,000",,"5,534,000,000",,"3,678,000,000","4,028,000,000","4,230,000,000",,"3,263,000,000","2,480,000,000","4,140,000,000",,,"2,805,000,000","3,819,000,000","5,931,000,000","3,792,000,000","5,669,000,000","6,282,000,000","4,209,000,000",,"4,378,783,095",,"2,348,752,838.46","4,737,976,023.15","4,032,400,133.79","4,360,420,446.9","3,615,527,443.82","4,031,820,382.75","4,263,562,043.2","4,286,189,779","3,517,575,097.92","3,693,976,584.75","6,844,472,127.96","3,847,911,155.17","4,297,711,366.62","402,205,296.3","3,801,411,535.88","5,184,022,209.12",,"3,891,390,906.75","4,231,120,172.92","5,359,321,421.3",,"4,367,395,832.03","4,208,666,206.72","4,551,198,100.44","3,656,064,895.99",,"2,696,649,942.84",,"3,044,470,431.6","2,336,991,374.7","1,941,737,576.82",,,"2,517,571,554.45","2,003,187,500","1,748,218,750","1,305,451,834.83","538,314,491.17","1,274,476,120.38",,"816,422,651.59","1,055,737,903.58","721,982,661.36",,"662,187,059.49","660,958,539.94","281,452,784.8","216,849,505","313,570,146.16"
NetIncomeCommonStockholders,"54,241,000,000","5,546,000,000","18,394,000,000","12,707,000,000","17,594,000,000","14,164,000,000","-37,020,000,000","14,282,000,000","15,422,000,000",,"17,953,000,000",,"12,481,000,000","12,360,000,000","12,551,000,000",,"14,507,000,000","7,135,000,000","14,393,000,000",,,"1,646,000,000","16,062,000,000","21,089,000,000","13,025,000,000","19,752,000,000","18,079,000,000","29,046,000,000",,"16,241,408,851.11",,"-22,084,872,081.6","15,006,919,185.36","12,713,373,312.71","11,530,910,871.2","10,286,128,212.19","9,179,394,081.26","5,491,224,837.4","14,453,104,766","11,089,191,445.44","11,256,686,157.6","262,015,082.75","14,839,537,490.34","17,552,245,764.41","-1,958,269,903.2","11,250,319,761.4","13,226,634,965.24",,"14,309,764,817.34","10,862,012,414.95","16,266,687,111.78",,"11,655,179,573.73","2,449,165,672.96","13,029,123,348.5","7,915,675,865.87",,"7,186,995,122.04",,"8,706,792,311.1","6,475,625,996.25","3,574,891,152.03",,,"5,937,743,154.03","4,867,125,000","4,016,375,000","2,587,677,859.26","2,755,080,178.91","2,677,555,408.29",,"1,368,871,038.6","2,553,135,606.64","2,305,905,893.28","1,020,929,535.64","898,663,930.35","462,611,547.4","794,297,582.4","786,703,957.5","552,774,131.72"
	NetIncome,"54,241,000,000","5,546,000,000","18,394,000,000","12,707,000,000","17,594,000,000","14,164,000,000","-37,020,000,000","14,282,000,000","15,422,000,000",,"17,953,000,000",,"12,481,000,000","12,360,000,000","12,551,000,000",,"14,507,000,000","7,135,000,000","14,393,000,000",,,"1,646,000,000","16,062,000,000","21,089,000,000","13,025,000,000","19,752,000,000","18,079,000,000","29,046,000,000",,"16,241,408,851.11",,"-22,084,872,081.6","15,006,919,185.36","12,713,373,312.71","11,530,910,871.2","10,286,128,212.19","9,179,394,081.26","5,491,224,837.4","14,453,104,766","11,089,191,445.44","11,256,686,157.6","262,015,082.75","14,839,537,490.34","17,552,245,764.41","-1,958,269,903.2","11,250,319,761.4","13,226,634,965.24",,"14,309,764,817.34","10,862,012,414.95","16,266,687,111.78",,"11,655,179,573.73","2,449,165,672.96","13,029,123,348.5","7,915,675,865.87",,"7,186,995,122.04",,"8,706,792,311.1","6,475,625,996.25","3,574,891,152.03",,,"5,937,743,154.03","4,867,125,000","4,016,375,000","2,587,677,859.26","2,755,080,178.91","2,677,555,408.29",,"1,368,871,038.6","2,553,135,606.64","2,305,905,893.28","1,020,929,535.64","898,663,930.35","462,611,547.4","794,297,582.4","786,703,957.5","552,774,131.72"
		NetIncomeIncludingNoncontrollingInterests,"55,099,000,000","5,740,000,000","18,666,000,000","12,872,000,000","17,821,000,000","14,229,000,000","-36,350,000,000","14,424,000,000","15,529,000,000",,"18,094,000,000",,"12,596,000,000","12,518,000,000","12,644,000,000",,"14,317,000,000","6,773,000,000","13,954,000,000",,,"1,500,000,000","16,339,000,000","21,314,000,000","13,240,000,000","19,919,000,000","18,359,000,000","29,304,000,000",,"16,445,454,298.08",,"-21,813,022,388.88","15,210,584,852.31","13,455,700,389.88","12,492,606,173.74","11,153,420,942.14","10,316,437,349.28","6,696,699,908.2","15,770,176,379","12,437,844,293.12","12,570,946,427.7","-177,056,204.35","14,844,370,003.55","17,544,576,957.95","-1,925,869,560.9","11,343,444,195.4","13,409,707,903.48",,"14,269,379,250.72","11,012,606,578.38","16,274,140,620.78",,"11,817,984,853.51","2,602,716,466.44","13,127,740,945.88","7,977,757,807.24",,"7,382,309,780",,"8,923,038,766.2","6,616,127,372.85","3,615,038,751.45",,,"6,155,743,164.93","5,546,156,250","4,752,906,250","3,034,161,806.13","3,233,211,579.62","3,001,110,946.05",,"1,481,039,814.54","2,715,546,414.86","2,356,708,701.12","1,020,929,535.64","898,663,930.35","407,103,158","741,121,917.92","732,786,290","530,564,584.72"
			NetIncomeContinuousOperations,"51,123,000,000","5,207,000,000","18,666,000,000","12,872,000,000","14,378,000,000","17,527,000,000","19,402,000,000","14,424,000,000","15,529,000,000",,"18,094,000,000",,"12,596,000,000","12,518,000,000","15,533,000,000",,"14,317,000,000","6,773,000,000","13,954,000,000",,,"1,500,000,000","16,339,000,000","21,314,000,000","13,240,000,000","19,919,000,000","18,359,000,000","25,622,000,000",,"16,445,454,298.08",,"-21,813,022,388.88","15,210,584,852.31","13,455,700,389.88","12,492,606,173.74","11,153,420,942.14","10,316,437,349.28","6,696,699,908.2","15,770,176,379","12,437,844,293.12","12,570,946,427.7","-177,056,204.35","14,844,370,003.55","17,544,576,957.95","-1,925,869,560.9","11,535,291,088.92","13,226,634,965.24",,"14,309,764,817.34","10,862,012,414.95","16,266,687,111.78",,"11,655,179,573.73","2,449,165,672.96","13,029,123,348.5","7,915,675,865.87",,"7,186,995,122.04",,"8,706,792,311.1","6,475,625,996.25","3,574,891,152.03",,,"5,937,743,154.03","4,867,125,000","4,016,375,000","2,587,677,859.26","2,755,080,178.91","2,677,555,408.29",,"1,368,871,038.6","2,542,958,636.66","2,305,905,893.28","1,020,929,535.64","898,663,930.35","462,611,547.4","794,297,582.4","786,703,957.5","552,774,131.72"
			NetIncomeDiscontinuousOperations,"3,976,000,000","533,000,000","0","0","3,443,000,000","-3,298,000,000","-55,752,000,000",,,,"0",,"0","0","-2,889,000,000",,,,,,,"0","0","0",,"0","0","3,682,000,000",,,,,,,,,,,,,,,,,,,,,,,,,,,,,,,,,,,,,,,,,,,,,,,,,,,,
		MinorityInterests,"-858,000,000","-194,000,000","-272,000,000","-165,000,000","-227,000,000","-65,000,000","-670,000,000","-142,000,000","-107,000,000",,"-141,000,000",,"-115,000,000","-158,000,000","-93,000,000",,"190,000,000","362,000,000","439,000,000",,,"146,000,000","-277,000,000","-225,000,000","-215,000,000","-167,000,000","-280,000,000","-258,000,000",,"-204,045,446.97",,"-271,849,692.72","-203,665,666.95","-742,327,077.17","-961,695,302.54","-867,292,729.95","-1,137,043,268.02","-1,205,475,070.8","-1,317,071,613","-1,348,652,847.68","-1,314,260,270.1","439,071,287.1","-4,832,513.21","7,668,806.46","-32,400,342.3","-93,124,434","-183,072,938.24",,"40,385,566.62","-150,594,163.43","-7,453,509",,"-162,805,279.78","-153,550,793.48","-98,617,597.38","-62,081,941.37",,"-195,314,657.96",,"-216,246,455.1","-140,501,376.6","-40,147,599.42",,,"-218,000,010.9","-679,031,250","-736,531,250","-446,483,946.87","-478,131,400.71","-323,555,537.76",,"-112,168,775.94","-162,410,808.22","-50,802,807.84",,,"55,508,389.4","53,175,664.48","53,917,667.5","22,209,547"
DilutedNIAvailtoComStockholders,"54,241,000,000","5,546,000,000","18,394,000,000","12,707,000,000","17,594,000,000","14,164,000,000","-37,020,000,000","14,282,000,000","15,422,000,000",,"17,953,000,000",,"12,481,000,000","12,360,000,000","12,551,000,000",,"14,507,000,000","7,135,000,000","14,393,000,000",,,"1,646,000,000","16,062,000,000","21,089,000,000","13,025,000,000","19,752,000,000","18,079,000,000","29,046,000,000",,"16,241,408,851.11",,"-22,084,872,081.6","15,006,919,185.36","12,713,373,312.71","11,530,910,871.2","10,286,128,212.19","9,179,394,081.26","5,491,224,837.4","14,453,104,766","11,089,191,445.44","11,256,686,157.6","262,015,082.75","14,839,537,490.34","17,552,245,764.41","-1,958,269,903.2","11,250,319,761.4","13,226,634,965.24",,"14,309,764,817.34","10,862,012,414.95","16,266,687,111.78",,"11,655,179,573.73","2,449,165,672.96","13,029,123,348.5","7,915,675,865.87",,"7,186,995,122.04",,"8,706,792,311.1","6,475,625,996.25","3,574,891,152.03",,,"5,937,743,154.03","4,867,125,000","4,016,375,000","2,587,677,859.26","2,755,080,178.91","2,677,555,408.29",,"1,368,871,038.6","2,553,135,606.64","2,305,905,893.28","1,020,929,535.64","898,663,930.35","462,611,547.4","794,297,582.4","786,703,957.5","552,774,131.72"
BasicEPS,,"6.26","20.76","14.32","19.52","15.42","-39.46","15.14","16.28","11.3","18.36","15.04","12.62",,"12.62","9.1","14.58","7.18","14.48","17.18","10.94","1.66","16.16","21.2","13.1","19.86","18.18","29.2","13","17.011","19.975","-22.028","15.249",,"11.472","10.09","9.703",,"15.199","11.278","11.81",,"15.608","18.704","0",,"13.854","15.959","14.541",,"16.398","13.391","11.952",,"12.86","8.059","4.986",,"9.974","8.768","6.518",,"10","7.941","6","4.938","4.063","2.581",,"2.73","2.145","1.474",,"2.308","1.026","0.921",,"0.834","1.067","0.573"
DilutedEPS,,"6.24","20.74","14.3","19.5","15.4","-39.46","15.12","16.26","11.28","18.36","15.04","12.6",,"12.62","9.1","14.58","7.18","14.48","17.18","10.94","1.66","16.16","21.2","13.1","19.86","18.18","29.2","13","17.011","19.975","-22.028","15.249",,"11.472","10.09","9.703",,"15.199","11.278","11.81",,"15.608","18.704","0",,"13.854","15.959","14.541",,"16.398","13.391","11.952",,"12.86","8.059","4.986",,"9.974","8.768","6.518",,"10","7.941","6","4.938","4.063","2.581",,"2.73","2.145","1.474",,"2.308","1.026","0.921",,"0.834","1.067","0.573"
BasicAverageShares,,"886,417,000","886,442,500","887,572,000","901,650,500","918,712,500","938,210,500","943,108,500","947,303,000","963,535,000","977,415,000","977,622,500","989,262,500",,"994,864,000","994,712,000","994,355,500","994,500,000","994,500,000","994,500,000","994,378,500","994,500,000","994,500,000","994,500,000","994,500,000","994,500,000","994,500,000","994,500,000","994,500,000","994,459,500","994,459,500","994,459,500","994,458,500",,"994,458,500","994,062,500","958,432,500",,"958,434,500","958,434,500","958,434,500",,"942,526,500","942,526,500","942,526,500",,"961,774,500","967,709,000","971,967,000",,"986,541,000","993,050,500","993,805,000",,"993,743,500","993,963,000","993,963,000",,"993,542,000","993,062,000","993,062,000",,"991,700,000","991,700,000","991,700,000","991,699,750","991,699,750","991,699,750",,"991,699,750","980,945,000","991,699,750",,"996,663,070","995,397,727","996,663,070",,"975,935,680","817,263,720","817,263,720"
DilutedAverageShares,,"887,224,000","887,249,500","888,778,500","903,010,000","919,573,500","939,071,000","944,168,000","948,055,000","964,287,000","978,167,000","978,506,000","990,440,000",,"995,085,500","995,087,000","995,089,000","994,500,000","994,500,000","994,500,000","994,378,500","994,500,000","994,500,000","994,500,000","994,500,000","994,500,000","994,500,000","994,500,000","994,500,000","994,459,500","994,459,500","994,459,500","994,458,500",,"994,458,500","994,062,500","958,432,500",,"958,434,500","958,434,500","958,434,500",,"942,526,500","942,526,500","942,526,500",,"961,774,500","967,709,000","971,967,000",,"986,541,000","993,050,500","993,805,000",,"993,743,500","993,963,000","993,963,000",,"993,542,000","993,062,000","993,062,000",,"991,700,000","991,700,000","991,700,000","991,699,750","991,699,750","991,699,750",,"991,699,750","980,945,000","991,699,750",,"996,663,070","995,397,727","996,663,070",,"975,935,680","817,263,720","817,263,720"
TotalOperatingIncomeAsReported,"114,188,000,000","20,351,000,000","35,884,000,000","29,114,000,000","28,839,000,000","28,937,000,000","32,843,000,000","27,601,000,000","26,804,000,000",,"27,574,000,000",,"21,715,000,000","21,397,000,000","24,152,000,000",,"21,031,000,000","18,875,000,000","27,319,000,000",,,"21,183,000,000","32,756,000,000","24,973,000,000","23,437,000,000","27,220,000,000","27,395,000,000","25,567,000,000",,"24,483,565,643.33",,,,,,,,,,,,,,,,,,,,,,,,,,,,,,,,,,,,,,,,,,,,,,,,,,
TotalExpenses,"358,893,000,000","72,174,000,000","99,296,000,000","97,204,000,000","90,219,000,000","103,014,000,000","96,089,000,000","87,830,000,000","81,871,000,000",,"86,738,000,000",,"83,749,000,000","91,051,000,000","88,825,000,000",,"87,760,000,000","91,865,000,000","88,599,000,000",,,"85,648,000,000","74,392,000,000","73,887,000,000","74,125,000,000","77,601,000,000","75,983,000,000","71,880,000,000",,"63,426,342,080.7",,"91,554,421,924.35","69,270,315,030.18","73,045,842,943.78","77,116,408,133.59","68,787,005,751.2","67,366,003,699.05","73,323,574,235.8","64,293,393,831","63,198,243,996.16","57,223,407,070.05","83,475,944,935.77","48,900,051,093.94","45,959,905,291.02","45,625,008,506.82","71,346,756,061.24","48,150,491,692.72",,"39,274,189,598.52","40,271,880,163.85","35,136,238,946.48",,"29,729,397,703.28","28,996,759,824.66","29,796,124,226.6","27,583,804,401.69",,"28,459,851,303.68",,"22,976,938,003.5","20,008,632,796.5","18,560,257,243.26",,,"14,338,229,288.34","13,986,750,000","11,894,343,750","9,563,840,335.53","9,230,909,917.49","7,706,475,766.62",,"5,152,897,491.04","4,554,051,255.99","4,579,581,731.76",,"2,264,523,704.42","4,015,433,733.33","3,035,852,083.32","2,383,576,302.5","1,978,999,596.36"
NetIncomeFromContinuingAndDiscontinuedOperation,"54,241,000,000","5,546,000,000","18,394,000,000","12,707,000,000","17,594,000,000","14,164,000,000","-37,020,000,000","14,282,000,000","15,422,000,000",,"17,953,000,000",,"12,481,000,000","12,360,000,000","12,551,000,000",,"14,507,000,000","7,135,000,000","14,393,000,000",,,"1,646,000,000","16,062,000,000","21,089,000,000","13,025,000,000","19,752,000,000","18,079,000,000","29,046,000,000",,"16,241,408,851.11",,"-22,084,872,081.6","15,006,919,185.36","12,713,373,312.71","11,530,910,871.2","10,286,128,212.19","9,179,394,081.26","5,491,224,837.4","14,453,104,766","11,089,191,445.44","11,256,686,157.6","262,015,082.75","14,839,537,490.34","17,552,245,764.41","-1,958,269,903.2","11,250,319,761.4","13,226,634,965.24",,"14,309,764,817.34","10,862,012,414.95","16,266,687,111.78",,"11,655,179,573.73","2,449,165,672.96","13,029,123,348.5","7,915,675,865.87",,"7,186,995,122.04",,"8,706,792,311.1","6,475,625,996.25","3,574,891,152.03",,,"5,937,743,154.03","4,867,125,000","4,016,375,000","2,587,677,859.26","2,755,080,178.91","2,677,555,408.29",,"1,368,871,038.6","2,542,958,636.66","2,305,905,893.28","1,020,929,535.64","898,663,930.35","462,611,547.4","794,297,582.4","786,703,957.5","552,774,131.72"
NormalizedIncome,"60,760,068,000","11,138,659,787.822","18,347,199,426.911","12,078,003,119.075","13,293,631,954.197","17,564,424,157.732","20,132,136,523.3","15,466,961,085.874","15,112,629,912.718",,"18,767,030,895.548",,"11,775,890,254.394","12,121,684,395.02","15,601,122,552.244",,"12,655,888,452.787","8,724,126,013.185","16,972,562,237.453",,,"8,794,800,000","23,780,836,045.243","17,802,521,233.254","15,952,538,750.587","20,405,898,702.517","18,107,312,243.821","28,058,385,505.012",,"16,811,513,807.246",,"-2,007,437,645.136","11,419,123,047.922","7,139,727,078.791","15,819,444,968.744","10,317,390,030.504","7,359,480,003.688","9,640,219,870.193","14,088,997,810.164","12,254,418,935.014","12,957,995,634.873","6,231,522,274.646","14,558,025,733.265","17,326,809,029.528","-2,169,269,074.752","23,490,291,226.7","16,668,977,745.521",,"12,345,884,043.658","11,949,993,876.376","14,481,969,714.224",,"10,593,352,213.301","8,537,477,114.068","12,665,281,742.764","7,704,400,285.555",,"6,158,227,146.622",,"9,007,683,640.495","6,739,166,128.709","3,323,272,741.334",,,"5,566,734,948.416","5,043,412,998.067","4,015,046,855.264","2,577,128,773.553","2,651,535,396.286","2,716,996,505.212",,"1,421,421,422.807","2,655,619,883.782","2,385,951,678.243","1,020,929,535.64","928,720,157.91","472,230,417.244","814,319,302.742","754,932,162.936","561,404,656.353"
InterestIncome,"3,413,000,000","-563,000,000","1,053,000,000","1,166,000,000","1,757,000,000","1,702,000,000","1,415,000,000","1,251,000,000","1,171,000,000",,"1,696,000,000",,"973,000,000","602,000,000","1,180,000,000",,"1,696,000,000","1,217,000,000","1,935,000,000",,,"1,106,000,000","1,097,000,000","1,358,000,000","958,000,000","675,000,000","622,000,000","942,000,000",,"339,792,429.7",,"950,631,682.86","845,278,500.24",,,"446,580,783.94","315,182,617.64","836,919,598.4","598,942,488","495,614,022.4","675,819,238.5","1,624,369,345.36","860,967,757.24","550,782,408.68","288,447,864.12",,,,,,,,,,,,,,,,,,,,,,,,,,,,,,,,,,,
InterestExpense,"43,573,000,000","6,878,000,000","12,959,000,000","12,455,000,000","11,281,000,000","13,634,000,000","7,394,000,000","9,110,000,000","9,570,000,000",,"6,094,000,000",,"6,445,000,000","2,552,000,000","5,864,000,000",,"6,734,000,000","6,662,000,000","6,771,000,000",,,"4,282,000,000","4,159,000,000","3,839,000,000","4,173,000,000","2,983,000,000","4,036,000,000","4,182,000,000",,"4,000,297,829.54",,"4,903,368,974.97","4,712,990,688.63","5,412,129,093.14","5,024,728,892.68","4,524,580,269.67","4,864,525,780.93","4,585,431,987.8","5,762,815,245","6,686,873,262.4","6,733,716,450.15","9,564,261,769.77","3,620,122,690.88","2,237,514,567.75","2,135,708,427",,,,,,,,,,,,,,,,,,,,,,,,,,,,,,,,,,,
NetInterestIncome,"-42,232,000,000","-9,513,000,000","-11,906,000,000","-11,289,000,000","-9,524,000,000","-8,939,000,000","-5,979,000,000","-7,859,000,000","-8,399,000,000",,"-4,398,000,000",,"-5,472,000,000","-4,349,000,000","-4,684,000,000",,"-5,038,000,000","-5,370,000,000","-4,836,000,000",,,"-3,176,000,000","-3,062,000,000","-2,481,000,000","-3,215,000,000","-2,308,000,000","-3,414,000,000","-3,240,000,000",,"-3,660,505,399.84",,"-3,952,737,292.11","-3,867,712,188.39","-3,410,945,507.48","-5,024,728,892.68","-4,077,999,485.73","-4,549,343,163.29","-3,748,512,389.4","-5,163,872,757","-6,191,259,240","-6,057,897,211.65","-7,939,892,424.41","-2,759,154,933.64","-1,686,732,159.07","-1,847,260,562.88",,,,,,,,,,,,,,,,,,,,,,,,,,,,,,,,,,,
EBIT,"110,446,000,000","13,759,000,000","38,086,000,000","28,806,000,000","29,795,000,000","33,313,000,000","33,016,000,000","27,381,000,000","29,849,000,000",,"29,722,000,000",,"22,719,000,000","19,098,000,000","25,627,000,000",,"24,314,000,000","15,915,000,000","24,863,000,000",,,"8,587,000,000","24,317,000,000","31,084,000,000","21,205,000,000","28,571,000,000","28,677,000,000","34,013,000,000",,"24,824,535,222.62",,"-14,560,900,575.45","24,661,551,564.09","22,900,229,616.81","21,877,755,513.32","19,293,528,655.63","19,212,783,512.96","15,545,693,939.2","25,819,181,403","22,642,292,653.44","22,998,639,462.6","16,231,677,693.38","22,312,403,849.6","24,079,802,892.32","612,044,162.4","16,424,549,405.32","23,998,922,697.36",,"16,524,873,276.84","15,237,303,657.28","19,920,695,363.94",,"15,517,037,210.95","16,377,324,636.26","18,365,109,626.08","12,497,247,920.7",,"10,729,445,560.52",,"12,454,815,870.9","9,435,040,697.7","7,026,785,329.5",,,"8,767,057,581.21","8,587,093,750","7,044,375,000","4,826,323,401.12","4,013,466,506.57","4,628,380,697.82",,"2,574,825,825","3,979,851,493.56","3,148,655,600.16","5,999,177,524.2","2,523,254,851.05","1,051,594,855.43","1,027,692,026.08","985,281,520","945,238,320.32"
EBITDA,"217,394,000,000"
ReconciledCostOfRevenue,"168,215,000,000","29,962,000,000","49,061,000,000","46,613,000,000","42,579,000,000","50,145,000,000","49,411,000,000","40,345,000,000","36,369,000,000",,"43,127,000,000",,"39,574,000,000","45,180,000,000","44,300,000,000",,"44,344,000,000","46,870,000,000","45,174,000,000",,,"32,343,000,000","29,959,000,000","26,219,000,000","26,161,000,000","29,027,000,000","27,139,000,000","25,244,000,000",,"65,767,664,846.76",,"28,198,477,534.17","25,034,513,400.27","27,746,015,247.93","29,955,065,525.7","24,793,837,770.04","24,380,220,223.23","28,187,888,508","22,051,807,620","21,644,798,944.64","19,600,588,444.8","24,541,562,842.8","17,632,580,047.67","15,824,426,260.16","15,287,431,454.82","24,428,680,824.52","16,578,234,572.52",,"13,673,445,889.62","12,970,261,156.25","12,430,539,944.69",,"10,493,899,334.38","10,402,134,995.24","10,508,983,056.7","9,589,712,212.16",,"8,406,557,510.7",,"6,943,771,629","5,939,330,793.3","4,837,390,155.39",,,"4,908,828,816.87","4,192,437,500","6,695,267,509.32","5,511,839,646.69","9,969,740,237.18","2,627,206,204.71",,"3,083,392,937.95","5,740,730,207.27","1,712,460,811.2",,"1,878,226,327.6","4,109,234,085","967,229,738.12","847,077,150","750,940,605.92"
ReconciledDepreciation,"106,948,000,000","26,625,000,000","26,930,000,000","26,975,000,000","26,418,000,000","26,525,000,000","26,455,000,000","26,286,000,000","25,322,000,000",,"20,049,000,000",,"20,130,000,000","20,390,000,000","21,789,000,000",,"20,248,000,000","21,104,000,000","20,700,000,000",,,"19,404,000,000","19,034,000,000","18,258,000,000","18,014,000,000","17,769,000,000","18,895,000,000","18,819,000,000",,"14,698,411,972.12",,"18,758,049,918.51","17,872,871,952.15","17,990,166,137.3","18,709,495,622.72","17,670,714,512.81","16,037,869,439.27","16,450,403,355.4","15,616,853,911","15,039,504,627.52","14,098,935,639.15","19,503,810,258.79","12,729,320,044.9","12,646,017,722.59","12,461,137,721.52","19,240,679,026.6","13,282,690,790.64",,"11,043,834,233.58","11,587,987,420.13","9,264,984,982.33",,"7,948,228,587.97","7,144,546,462.92","7,320,199,805.46","6,487,818,191.46",,"7,215,159,610.54",,"5,985,456,930","5,229,358,730.1","5,304,846,916.92",,,"3,270,314,449.23","3,267,468,750","2,766,951,240.68","2,189,548,759.32","1,909,370,474.3","1,907,047,514.16",,"1,279,860,090.08","1,303,415,785.23","1,029,654,590.88",,"786,068,234.96","786,930,779.64","638,970,131.5","560,479,907.5","540,021,553.12"
NetIncomeFromContinuingOperationNetMinorityInterest,"50,265,000,000","5,013,000,000","18,394,000,000","12,707,000,000","14,151,000,000","17,462,000,000","18,732,000,000","14,282,000,000","15,422,000,000",,"17,953,000,000",,"12,481,000,000","12,360,000,000","15,440,000,000",,"14,507,000,000","7,135,000,000","14,393,000,000",,,"1,646,000,000","16,062,000,000","21,089,000,000","13,025,000,000","19,752,000,000","18,079,000,000","25,364,000,000",,"16,241,408,851.11",,"-22,084,872,081.6","15,006,919,185.36","12,713,373,312.71","11,530,910,871.2","10,286,128,212.19","9,179,394,081.26","5,491,224,837.4","14,453,104,766","11,089,191,445.44","11,256,686,157.6","262,015,082.75","14,839,537,490.34","17,552,245,764.41","-1,958,269,903.2","11,250,319,761.4","13,226,634,965.24",,"14,309,764,817.34","10,862,012,414.95","16,266,687,111.78",,"11,655,179,573.73","2,449,165,672.96","13,029,123,348.5","7,915,675,865.87",,"7,186,995,122.04",,"8,706,792,311.1","6,475,625,996.25","3,574,891,152.03",,,"5,937,743,154.03","4,867,125,000","4,016,375,000","2,587,677,859.26","2,755,080,178.91","2,677,555,408.29",,"1,368,871,038.6","2,542,958,636.66","2,305,905,893.28","1,020,929,535.64","898,663,930.35","462,611,547.4","794,297,582.4","786,703,957.5","552,774,131.72"
TotalUnusualItemsExcludingGoodwill,"-13,737,000,000","-8,095,000,000","63,000,000","799,000,000","1,104,000,000","-115,000,000","-1,849,000,000","-1,501,000,000","404,000,000",,"-1,063,000,000",,"911,000,000","315,000,000","-205,000,000",,"2,273,000,000","-2,171,000,000","-3,345,000,000",,,"-8,936,000,000","-9,523,000,000","4,201,000,000","-3,766,000,000","-840,000,000","-38,000,000","-3,137,000,000",,"-721,901,671.45",,"-25,096,793,045.58","4,705,366,056.03","7,243,954,814.53","-5,785,404,446.78","-41,395,746.07","2,531,164,136.52","-6,790,519,661.6","463,067,898","-1,494,768,132.16","-2,201,239,805.4","-7,461,883,989.87","354,484,354.1","280,659,612.03","263,748,964.44","-16,341,826,944.6","-4,773,108,636.84",,"2,499,449,115.54","-1,505,991,518.94","2,372,451,914.7",,"1,454,231,010.1","-10,147,185,735.18","489,980,233.22","308,099,431.23",,"1,404,561,891.52",,"-403,553,077.2","-356,629,485.45","386,769,637.74",,,"522,742,883.28","-248,843,750","1,906,250","15,870,970.44","131,907,571.23","-56,190,473.1",,"-83,892,506.88","-159,433,832.07","-105,108,242.64",,"-50,093,712.6","-16,031,449.74","-27,116,251.5","40,529,470","-13,526,330.56"
TotalUnusualItems,"-13,737,000,000","-8,095,000,000","63,000,000","799,000,000","1,104,000,000","-115,000,000","-1,849,000,000","-1,501,000,000","404,000,000",,"-1,063,000,000",,"911,000,000","315,000,000","-205,000,000",,"2,273,000,000","-2,171,000,000","-3,345,000,000",,,"-8,936,000,000","-9,523,000,000","4,201,000,000","-3,766,000,000","-840,000,000","-38,000,000","-3,137,000,000",,"-721,901,671.45",,"-25,096,793,045.58","4,705,366,056.03","7,243,954,814.53","-5,785,404,446.78","-41,395,746.07","2,531,164,136.52","-6,790,519,661.6","463,067,898","-1,494,768,132.16","-2,201,239,805.4","-7,461,883,989.87","354,484,354.1","280,659,612.03","263,748,964.44","-16,341,826,944.6","-4,773,108,636.84",,"2,499,449,115.54","-1,505,991,518.94","2,372,451,914.7",,"1,454,231,010.1","-10,147,185,735.18","489,980,233.22","308,099,431.23",,"1,404,561,891.52",,"-403,553,077.2","-356,629,485.45","386,769,637.74",,,"522,742,883.28","-248,843,750","1,906,250","15,870,970.44","131,907,571.23","-56,190,473.1",,"-83,892,506.88","-159,433,832.07","-105,108,242.64",,"-50,093,712.6","-16,031,449.74","-27,116,251.5","40,529,470","-13,526,330.56"
NormalizedEBITDA,"231,131,000,000","48,479,000,000","64,953,000,000","54,982,000,000","55,109,000,000","59,953,000,000","61,320,000,000","55,168,000,000","54,767,000,000",,"50,834,000,000",,"41,938,000,000","39,173,000,000","47,621,000,000",,"42,289,000,000","39,190,000,000","48,908,000,000",,,"36,927,000,000","52,874,000,000","45,141,000,000","42,985,000,000","47,180,000,000","47,610,000,000","55,969,000,000",,"40,244,848,866.19",,"29,293,942,388.64","37,829,057,460.21","33,646,440,939.58","46,372,655,582.82","37,005,638,914.51","32,719,488,815.71","38,786,616,956.2","40,972,967,416","39,176,565,413.12","39,298,814,907.15","43,197,371,942.04","34,687,239,540.4","36,445,161,002.88","12,809,432,919.48","52,007,055,376.52","42,054,722,124.84",,"25,069,258,394.88","28,331,282,596.35","26,813,228,431.57",,"22,011,034,788.82","33,756,030,665.88","25,304,428,892.74","19,309,579,132.33",,"16,681,900,483.32",,"19,073,183,758.2","15,311,669,548.35","12,178,677,437.49",,,"12,068,657,746.29","12,377,750,000","10,154,468,750","7,235,936,713.98","5,790,929,409.64","6,591,618,685.08",,"3,938,578,421.96","5,442,701,110.86","4,283,418,433.68","5,999,177,524.2","3,359,416,798.61","1,854,557,084.81","1,693,778,409.08","1,505,231,957.5","1,498,786,204"
TaxRateForCalcs,"0.236","0.243","0.257","0.213","0.223","0.109","0.243","0.211","0.234",,"0.234",,"0.226","0.243","0.214",,"0.186","0.268","0.229",,,"0.2","0.189","0.218","0.223","0.222","0.255","0.141",,"0.21",,"0.2","0.238","0.231","0.259","0.245","0.281","0.389","0.214","0.22","0.227","0.2","0.206","0.197","0.2","0.251","0.279",,"0.214","0.278","0.248",,"0.27","0.4","0.257","0.314",,"0.268",,"0.254","0.261","0.349",,,"0.29","0.292","0.303","0.335","0.215","0.298",,"0.374","0.293","0.238","0.4","0.4","0.4","0.262","0.216","0.362"
TaxEffectOfUnusualItems,"-3,241,932,000","-1,969,340,212.178","16,199,426.911","170,003,119.075","246,631,954.197","-12,575,842.268","-448,863,476.7","-316,038,914.126","94,629,912.718",,"-248,969,104.452",,"205,890,254.394","76,684,395.02","-43,877,447.756",,"421,888,452.787","-581,873,986.815","-765,437,762.547",,,"-1,787,200,000","-1,804,163,954.757","914,521,233.254","-838,461,249.413","-186,101,297.483","-9,687,756.179","-442,614,494.988",,"-151,796,715.314",,"-5,019,358,609.116","1,117,569,918.592","1,670,308,580.611","-1,496,870,349.236","-10,133,927.756","711,250,058.948","-2,641,524,628.807","98,960,942.164","-329,540,642.586","-499,930,328.127","-1,492,376,797.974","72,972,597.025","55,222,877.148","52,749,792.888","-4,101,855,479.3","-1,330,765,856.559",,"535,568,341.858","-418,010,057.514","587,734,517.144",,"392,403,649.671","-4,058,874,294.072","126,138,627.484","96,823,850.915",,"375,793,916.102",,"-102,661,747.805","-93,089,352.991","135,151,227.044",,,"151,734,677.666","-72,555,751.933","578,105.264","5,321,884.733","28,362,788.606","-16,749,376.178",,"-31,342,122.673","-46,772,584.948","-25,062,457.677","0","-20,037,485.04","-6,412,579.896","-7,094,531.158","8,757,675.436","-4,895,805.927"