name,ttm,03/31/2020,12/31/2019,09/30/2019,06/30/2019,03/31/2019,12/31/2018,09/30/2018,06/30/2018,03/31/2018,12/31/2017,09/30/2017,06/30/2017,03/31/2017,12/31/2016,09/30/2016,06/30/2016,03/31/2016,12/31/2015,09/30/2015,06/30/2015,03/31/2015,12/31/2014,09/30/2014,06/30/2014,03/31/2014,12/31/2013,09/30/2013,06/30/2013,03/31/2013,12/31/2012,09/30/2012,06/30/2012,03/31/2012,12/31/2011,09/30/2011,06/30/2011,03/31/2011,12/31/2010,09/30/2010,06/30/2010,03/31/2010,12/31/2009,09/30/2009,06/30/2009,03/31/2009,12/31/2008,09/30/2008,06/30/2008,03/31/2008,12/31/2007,09/30/2007,06/30/2007,03/31/2007,12/31/2006,09/30/2006,06/30/2006,03/31/2006,12/31/2005,09/30/2005,06/30/2005,03/31/2005,12/31/2004,09/30/2004,06/30/2004,03/31/2004,12/31/2003,09/30/2003,06/30/2003,03/31/2003,12/31/2002,09/30/2002,06/30/2002,03/31/2002,12/31/2001,09/30/2001,06/30/2001,03/31/2001,12/31/2000,09/30/2000,06/30/2000,03/31/2000,12/31/1999,09/30/1999,06/30/1999,03/31/1999
TotalRevenue,"74,343,000,000","19,667,000,000","10,630,000,000","22,241,000,000","21,805,000,000","23,146,000,000","8,027,000,000","7,644,000,000","13,253,000,000","8,340,000,000","15,752,000,000","11,544,000,000","16,195,000,000","13,159,000,000","-3,935,000,000","14,066,000,000","20,226,000,000","21,334,000,000","9,936,000,000","6,702,000,000","744,000,000","15,433,000,000","15,655,000,000","10,731,000,000","12,911,000,000","13,906,000,000","6,308,000,000","5,983,000,000","-646,000,000","5,855,000,000","6,106,000,000","7,622,000,000","11,296,000,000","3,817,000,000","9,699,000,000","23,455,000,000","10,765,000,000","7,153,000,000","3,420,000,000","13,138,000,000","11,910,000,000","9,165,000,000","6,971,000,000","13,752,000,000","11,385,000,000","7,999,000,000","11,650,000,000","5,827,000,000","7,558,000,000","7,947,783,300","10,268,177,500","9,357,672,900","7,295,197,500","8,623,533,750","9,781,346,700","8,216,762,250","7,975,981,200","8,217,530,400","8,033,025,400","8,378,371,400","7,990,595,200","7,642,622,450","7,890,860,100","8,094,457,800","7,001,396,500","4,189,829,000","4,245,108,350","3,975,479,700","4,180,873,750","4,290,761,150","4,327,777,200","4,231,981,600","3,977,153,500","4,018,812,600","4,479,611,700","4,198,842,600","4,094,484,800","3,459,396,200","3,517,174,080","3,442,593,440","3,567,861,360","3,660,063,430","3,831,366,378","3,398,930,370","3,464,797,050","3,541,441,390"
	OperatingRevenue,"74,343,000,000","19,667,000,000","10,630,000,000","22,241,000,000","21,805,000,000","23,146,000,000","8,027,000,000","7,644,000,000","13,253,000,000","8,340,000,000","15,752,000,000","11,544,000,000","16,195,000,000","13,159,000,000","-3,935,000,000","14,066,000,000","20,226,000,000","21,334,000,000","9,936,000,000","6,702,000,000","744,000,000","15,433,000,000","15,655,000,000","10,731,000,000","12,911,000,000","13,906,000,000","6,308,000,000","5,983,000,000","-646,000,000","5,855,000,000","6,106,000,000","7,622,000,000","11,296,000,000","3,817,000,000","9,699,000,000","23,455,000,000","10,765,000,000","7,153,000,000","3,420,000,000","13,138,000,000","11,910,000,000","9,165,000,000","6,971,000,000","13,752,000,000","11,385,000,000","7,999,000,000","11,650,000,000","5,827,000,000","7,558,000,000","7,947,783,300","10,268,177,500","9,357,672,900","7,295,197,500","8,623,533,750","9,781,346,700","8,216,762,250","7,975,981,200","8,217,530,400","8,033,025,400","8,378,371,400","7,990,595,200","7,642,622,450","7,890,860,100","8,094,457,800","7,001,396,500","4,189,829,000","4,245,108,350","3,975,479,700","4,180,873,750","4,290,761,150","4,327,777,200","4,231,981,600","3,977,153,500","4,018,812,600","4,479,611,700","4,198,842,600","4,094,484,800","3,459,396,200","3,517,174,080","3,442,593,440","3,567,861,360","3,660,063,430","3,831,366,378","3,398,930,370","3,464,797,050","3,541,441,390"
NetNonOperatingInterestIncomeExpense,"-1,360,000,000","-369,000,000","-325,000,000","-348,000,000","-318,000,000","-328,000,000","-359,000,000","-312,000,000","-318,000,000","-286,000,000","-295,000,000","-306,000,000","-279,000,000","-259,000,000","-266,000,000","-288,000,000","-258,000,000","-201,000,000","-252,000,000","-282,000,000","-251,000,000","-316,000,000","-309,000,000","-284,000,000","-244,000,000","-294,000,000","-177,000,000","-265,000,000","-308,000,000","-295,000,000","-119,000,000","-246,000,000","-314,000,000","-288,000,000","-288,000,000","-353,000,000","-327,000,000","-281,000,000","-276,000,000","-242,000,000","-262,000,000","-297,000,000","-261,000,000","-279,000,000","-543,000,000","-218,000,000","-372,000,000","-237,000,000","-273,000,000","-303,710,800","-235,052,600","-299,103,700","-191,475,000","-306,870,900","-264,718,750","-254,368,200","-227,980,500","-214,654,400","-200,736,400","-193,820,200","-199,642,400","-193,576,000","-156,098,150","-155,662,650","-111,282,250","-65,712,500","-62,727,550","-64,773,600","-63,861,250","-61,779,900","-63,759,400","-66,620,400","-59,315,100","-54,243,600","-67,436,000","-66,347,400","-57,668,800","-66,133,200","-55,338,570","-46,643,530","-47,413,440","-40,651,240","-58,296,596","-34,092,168",,
	InterestExpenseNonOperating,"1,360,000,000","369,000,000","325,000,000","348,000,000","318,000,000","328,000,000","359,000,000","312,000,000","318,000,000","286,000,000","295,000,000","306,000,000","279,000,000","259,000,000","266,000,000","288,000,000","258,000,000","201,000,000","252,000,000","282,000,000","251,000,000","316,000,000","309,000,000","284,000,000","244,000,000","294,000,000","177,000,000","265,000,000","308,000,000","295,000,000","119,000,000","246,000,000","314,000,000","288,000,000","288,000,000","353,000,000","327,000,000","281,000,000","276,000,000","242,000,000","262,000,000","297,000,000","261,000,000","279,000,000","543,000,000","218,000,000","372,000,000","237,000,000","273,000,000","303,710,800","235,052,600","299,103,700","191,475,000","306,870,900","264,718,750","254,368,200","227,980,500","214,654,400","200,736,400","193,820,200","199,642,400","193,576,000","156,098,150","155,662,650","111,282,250","65,712,500","62,727,550","64,773,600","63,861,250","61,779,900","63,759,400","66,620,400","59,315,100","54,243,600","67,436,000","66,347,400","57,668,800","66,133,200","55,338,570","46,643,530","47,413,440","40,651,240","58,296,596","34,092,168",,
OtherIncomeExpense,"10,817,000,000","2,980,000,000","2,433,000,000","2,770,000,000","2,634,000,000","2,562,000,000","2,291,000,000","2,671,000,000","2,964,000,000","2,502,000,000","2,737,000,000","2,544,000,000","2,872,000,000","2,593,000,000","2,637,000,000","2,921,000,000","2,794,000,000","2,829,000,000","2,694,000,000","2,487,000,000","2,491,000,000","2,426,000,000","2,270,000,000","2,215,000,000","2,119,000,000","2,135,000,000","2,595,000,000","1,983,000,000","2,341,000,000","1,990,000,000","1,690,000,000","1,831,000,000","2,045,000,000","1,790,000,000","1,765,000,000","2,005,000,000","1,708,000,000","1,758,000,000","1,613,000,000","1,539,000,000","1,529,000,000","1,579,000,000","1,620,000,000","1,486,000,000","1,459,000,000","1,293,000,000","9,417,000,000","1,369,000,000","1,418,000,000","2,960,154,250","-5,372,399,300","4,475,624,800","2,458,326,250","3,890,107,800","-5,757,592,750","3,547,767,000","3,318,506,400","3,546,464,000","-6,399,134,400","3,452,785,000","3,417,192,000","3,369,432,250","-4,579,876,550","3,184,123,800","2,814,234,250","1,652,012,250","-2,965,657,500","1,518,131,250","1,567,997,500","1,447,414,800","-2,677,499,000","1,408,545,600","1,298,848,600","1,494,889,800","-2,793,363,700","1,424,889,400","1,528,223,200","1,346,283,000","1,396,980,470","1,459,491,100","1,423,884,870","1,377,786,670","1,598,293,021","1,285,803,750",,
	SpecialIncomeCharges,,,,,,,,,,,,,,,,,,,,,,,,,,,"0","0",,,"1,015,000,000","-555,000,000","-338,000,000",,"248,000,000","-317,000,000","-302,000,000",,"0","-1,039,000,000",,,,,,,,,,,,,,,,,,,,,,,,,,,,,,,,,,,,,,,,,,,,,,
		ImpairmentOfCapitalAssets,,,,,,,,,,,,,,,,,,,,,,,,,,,"0","0",,,"0","200,000,000",,,"665,000,000","0",,,"0","1,039,000,000",,,,,,,,,,,,,,,,,,,,,,,,,,,,,,,,,,,,,,,,,,,,,,
		OtherSpecialCharges,,,,,,,,,,,,,,,,,,,,,,,,,,,,,,,,"355,000,000","338,000,000",,,"317,000,000","302,000,000",,,,,,,,,,,,,,,,,,,,,,,,,,,,,,,,,,,,,,,,,,,,,,,,,
PretaxIncome,"5,400,000,000","1,704,000,000","1,225,000,000","715,000,000","1,756,000,000","2,524,000,000","359,000,000","1,911,000,000","1,535,000,000","1,714,000,000","-2,123,000,000","1,269,000,000","1,618,000,000","1,737,000,000","-285,000,000","1,314,000,000","947,000,000","1,353,000,000","136,000,000","988,000,000","650,000,000","844,000,000","724,000,000","1,392,000,000","1,211,000,000","937,000,000","1,854,000,000","1,118,000,000","205,000,000","570,000,000","1,057,000,000","-697,000,000","-481,000,000","1,290,000,000","119,000,000","-1,799,000,000","532,000,000","1,296,000,000","2,155,000,000","-1,336,000,000","-3,346,000,000","1,355,000,000","981,000,000","-701,000,000","1,695,000,000","-2,127,000,000","-2,596,000,000","677,000,000","1,345,000,000","0","5,606,000,000","0","0","0","5,336,000,000","0","0","0","4,322,000,000","0","0","0","3,439,000,000","0","0","0","1,852,000,000","0","0","0","1,674,000,000","0","0","0","1,363,000,000","0","0","0","0","0","0","0","0","0",,
TaxProvision,"1,026,000,000","597,000,000","89,000,000","100,000,000","240,000,000","289,000,000","43,000,000","6,000,000","246,000,000","337,000,000","-424,000,000","13,000,000","304,000,000","346,000,000","-450,000,000","117,000,000","231,000,000","298,000,000","-76,000,000","316,000,000","-28,000,000","116,000,000","17,000,000","287,000,000","234,000,000","133,000,000","497,000,000","172,000,000","-103,000,000","15,000,000","-22,000,000","-367,000,000","-194,000,000","60,000,000","174,000,000","-615,000,000","37,000,000","307,000,000","341,000,000","-437,000,000","-971,000,000","207,000,000","136,000,000","-563,000,000","-89,000,000","-1,056,000,000","-727,000,000","170,000,000","347,000,000","289,346,100","283,930,000","397,480,000","341,463,750","355,324,200","332,908,100","361,470,600","322,509,000","349,980,000","302,143,200","193,820,200","308,649,600","226,241,950","261,473,800","279,686,550","214,520,000","116,968,250","63,652,850","94,461,500","82,883,750","76,489,400","67,656,200","58,689,400","95,816,700","82,960,800","96,478,900","-31,594,000","80,432,800","50,387,200","95,819,480","19,560,190","82,973,520","75,495,160","126,700,720","53,048,589",,
EarningsFromEquityInterestNetOfTax,,,,,,,,,,,,,,,,,,,,,,,,,,,,,,,,,,,,,,,,,,,,,,,,,,"1,148,149,950","-4,278,067,500","1,466,701,200","1,441,381,250","1,342,848,600","-3,949,278,450","1,334,317,400","1,268,906,100","1,299,592,400","-3,132,532,200","938,925,400","1,151,312,000","1,027,162,650","-2,440,059,350","999,784,500","875,509,750","544,099,500","-1,378,041,200","488,500,900","471,486,250","414,807,900",,"382,274,200","439,540,100","417,994,800",,"217,998,600","390,023,200","324,367,600","382,843,000","335,532,490","325,967,400","300,528,810","371,521,404","277,439,712",,
NetIncomeCommonStockholders,"4,550,000,000","1,253,000,000","1,185,000,000","680,000,000","1,432,000,000","2,133,000,000","550,000,000","1,531,000,000","1,218,000,000","1,333,000,000","-1,646,000,000","1,066,000,000","1,216,000,000","1,309,000,000","30,000,000","1,083,000,000","667,000,000","1,016,000,000","217,000,000","593,000,000","571,000,000","694,000,000","612,000,000","1,072,000,000","907,000,000","784,000,000","1,263,000,000","1,001,000,000","227,000,000","508,000,000","1,028,000,000","-258,000,000","-328,000,000","1,182,000,000","-154,000,000","-1,277,000,000","468,000,000","965,000,000","1,774,000,000","-966,000,000","-2,398,000,000","1,120,000,000","848,000,000","-193,000,000","1,758,000,000","-1,075,000,000","-1,878,000,000","503,000,000","1,000,000,000","851,621,500","1,135,882,800","1,070,214,900","1,092,471,250","979,448,850","1,091,126,450","966,152,900","938,612,400","949,612,400","899,609,400","741,623,400","842,662,400","799,710,850","747,856,800","716,301,300","656,967,500","424,502,750","424,354,300","389,991,050","388,602,500","338,318,500","369,107,800","323,584,800","343,723,400","335,034,000","334,498,100","249,592,600","306,555,200","273,980,400","287,023,520","315,972,300","242,993,880","225,033,650","244,820,684","224,391,123","201,286,800","205,739,440"
	NetIncome,"4,257,000,000","1,150,000,000","1,067,000,000","602,000,000","1,438,000,000","2,162,000,000","306,000,000","1,822,000,000","1,222,000,000","1,323,000,000","-1,745,000,000","1,223,000,000","1,253,000,000","1,337,000,000","142,000,000","1,130,000,000","689,000,000","1,029,000,000","219,000,000","648,000,000","649,000,000","705,000,000","700,000,000","1,096,000,000","934,000,000","792,000,000","1,345,000,000","926,000,000","299,000,000","548,000,000","954,000,000","-227,000,000","-300,000,000","1,206,000,000","-69,000,000","-1,277,000,000","491,000,000","985,000,000","1,794,000,000","-947,000,000","-2,378,000,000","1,140,000,000","868,000,000","-172,000,000","1,774,000,000","-1,068,000,000","-1,870,000,000","510,000,000","1,008,000,000","858,803,850","1,071,021,400","1,070,214,900","1,099,917,500","987,524,400","1,083,813,450","972,846,800","946,397,100","949,612,400","901,324,600","745,105,200","842,662,400","800,920,700","751,466,850","720,097,950","660,989,750","427,131,250","417,305,950","394,039,400","388,602,500","338,318,500","369,107,800","323,584,800","343,723,400","335,034,000","334,498,100","249,592,600","309,590,400","273,980,400","287,023,520","315,972,300","242,993,880","225,033,650","244,820,684","224,391,123","201,286,800","205,739,440"
		NetIncomeIncludingNoncontrollingInterests,"4,374,000,000","1,107,000,000","1,136,000,000","615,000,000","1,516,000,000","2,235,000,000","316,000,000","1,905,000,000","1,289,000,000","1,377,000,000","-1,699,000,000","1,256,000,000","1,314,000,000","1,391,000,000","165,000,000","1,197,000,000","716,000,000","1,055,000,000","212,000,000","672,000,000","678,000,000","728,000,000","707,000,000","1,105,000,000","977,000,000","804,000,000","1,357,000,000","946,000,000","308,000,000","555,000,000","1,079,000,000","-330,000,000","-287,000,000","1,230,000,000","-55,000,000","-1,184,000,000","495,000,000","989,000,000","1,814,000,000","-899,000,000","-2,375,000,000","1,148,000,000","845,000,000","-138,000,000","1,784,000,000","-1,071,000,000","-1,869,000,000","507,000,000","998,000,000","856,751,750","1,036,633,400","1,063,259,000","1,091,407,500","980,602,500","1,094,777,750","968,384,200","940,836,600","943,779,400","914,076,100","739,302,200","838,988,000","796,081,300","723,482,750","698,583,600","643,560,000","407,417,500","418,473,300","373,797,650","369,580,000","319,196,150","351,954,000","306,136,600","323,951,700","315,889,200","326,549,800","249,592,600","308,072,800","278,704,200","357,476,510","358,101,940","296,334,000","194,545,220","226,931,388","291,546,816","201,286,800","205,739,440"
			NetIncomeContinuousOperations,"4,374,000,000","1,107,000,000","1,136,000,000","615,000,000","1,516,000,000","2,235,000,000","316,000,000","1,905,000,000","1,289,000,000","1,377,000,000","-1,699,000,000","1,256,000,000","1,314,000,000","1,391,000,000","165,000,000","1,197,000,000","716,000,000","1,055,000,000","212,000,000","672,000,000","678,000,000","728,000,000","707,000,000","1,105,000,000","977,000,000","804,000,000","1,357,000,000","946,000,000","308,000,000","555,000,000","1,079,000,000","-330,000,000","-287,000,000","1,230,000,000","-55,000,000","-1,184,000,000","495,000,000","989,000,000","1,814,000,000","-899,000,000","-2,375,000,000","1,148,000,000","845,000,000","-138,000,000","1,784,000,000","-1,071,000,000","-1,869,000,000","507,000,000","998,000,000","858,803,850","1,044,002,500","1,069,221,200","1,099,917,500","987,524,400","1,053,813,450","972,846,800","946,397,100","949,612,400","887,324,600","745,105,200","842,662,400","800,920,700","737,466,850","720,097,950","660,989,750","427,131,250","410,305,950","394,039,400","388,602,500","338,318,500","369,107,800","323,584,800","343,723,400","335,034,000","334,498,100","249,592,600","309,590,400","273,980,400","287,023,520","315,972,300","242,993,880","225,033,650","244,820,684","224,391,123","201,286,800","205,739,440"
			NetIncomeFromTaxLossCarryforward,,,,,,,,,,,,,,,,,,,,,,,,,,,,,,,,,,,,,,,,,,,,,,,,,,,,"993,700",,,,,,,,,,,,,,,,,,,,,,,,,,,,,,,,,,
		MinorityInterests,"-117,000,000","43,000,000","-69,000,000","-13,000,000","-78,000,000","-73,000,000","-10,000,000","-83,000,000","-67,000,000","-54,000,000","-46,000,000","-33,000,000","-61,000,000","-54,000,000","-23,000,000","-67,000,000","-27,000,000","-26,000,000","7,000,000","-24,000,000","-29,000,000","-23,000,000","-7,000,000","-9,000,000","-43,000,000","-12,000,000","-12,000,000","-20,000,000","-9,000,000","-7,000,000","-125,000,000","103,000,000","-13,000,000","-24,000,000","75,000,000","-93,000,000","-4,000,000","-5,000,000","-20,000,000","-48,000,000","-3,000,000","-8,000,000","23,000,000","-34,000,000","-10,000,000","3,000,000","-1,000,000","3,000,000","10,000,000","2,052,100","34,388,000","6,955,900","8,510,000","6,921,900","-10,964,300","4,462,600","5,560,500","5,833,000","-12,751,500","5,803,000","3,674,400","4,839,400","27,984,100","21,514,350","17,429,750","19,713,750","-1,167,350","20,241,750","19,022,500","19,122,350","17,153,800","17,448,200","19,771,700","19,144,800","7,948,300",,"1,517,600","-4,723,800","-70,452,990","-42,129,640","-53,340,120","30,488,430","17,889,296","-67,155,693",,
	PreferredStockDividends,"172,000,000","43,000,000","43,000,000","43,000,000","43,000,000","43,000,000","43,000,000","42,000,000","44,000,000","39,000,000","40,000,000","39,000,000","39,000,000","41,000,000","33,000,000","34,000,000","37,000,000","29,000,000","29,000,000","29,000,000","29,000,000","29,000,000","28,000,000","28,000,000","36,000,000","34,000,000","34,000,000","33,000,000","32,000,000","32,000,000","29,000,000","31,000,000","28,000,000","24,000,000",,,"23,000,000","20,000,000","20,000,000","19,000,000","20,000,000","20,000,000","20,000,000","21,000,000","16,000,000","7,000,000","8,000,000","7,000,000","8,000,000","7,182,350","8,138,600",,"7,446,250","8,075,550","7,687,000","6,693,900","7,784,700",,"4,715,200","3,481,800",,"1,209,850","2,610,050","3,796,650","4,022,250","2,628,500","2,951,650","4,048,350",,,,,,,,,"3,035,200",,,,,,,,,
	OtherunderPreferredStockDividend,"-465,000,000","-146,000,000","-161,000,000","-121,000,000","-37,000,000","-14,000,000","-287,000,000","249,000,000","-40,000,000","-49,000,000","-139,000,000","118,000,000","-2,000,000","-13,000,000","79,000,000","13,000,000","-15,000,000","-16,000,000","-27,000,000","26,000,000","49,000,000","-18,000,000","60,000,000","-4,000,000","-9,000,000","-26,000,000","48,000,000","-108,000,000","40,000,000","8,000,000","20,000,000",,,,,,,,,,,,,,,,,,,"-8,000,000",,,,,,,,,,,,,,,,,,,,,,,,,,,,,,,,,,,,
DilutedNIAvailtoComStockholders,"4,550,000,000","1,253,000,000","1,185,000,000","680,000,000","1,432,000,000","2,133,000,000","550,000,000","1,531,000,000","1,218,000,000","1,333,000,000","-1,646,000,000","1,066,000,000","1,216,000,000","1,309,000,000","30,000,000","1,083,000,000","667,000,000","1,016,000,000","217,000,000","593,000,000","571,000,000","694,000,000","612,000,000","1,072,000,000","907,000,000","784,000,000","1,263,000,000","1,001,000,000","227,000,000","508,000,000","1,028,000,000","-258,000,000","-328,000,000","1,182,000,000","-154,000,000","-1,277,000,000","468,000,000","965,000,000","1,774,000,000","-966,000,000","-2,398,000,000","1,120,000,000","848,000,000","-193,000,000","1,758,000,000","-1,075,000,000","-1,878,000,000","503,000,000","1,000,000,000","851,621,500","1,135,882,800","1,070,214,900","1,092,471,250","979,448,850","1,091,126,450","966,152,900","938,612,400","949,612,400","899,609,400","741,623,400","842,662,400","799,710,850","747,856,800","716,301,300","656,967,500","424,502,750","424,354,300","389,991,050","388,602,500","338,318,500","369,107,800","323,584,800","343,723,400","335,034,000","334,498,100","249,592,600","306,555,200","273,980,400","287,023,520","315,972,300","242,993,880","225,033,650","244,820,684","224,391,123","201,286,800","205,739,440"
BasicEPS,,"0.64",,"0.35","0.73","1.09",,"0.77","0.61","0.67",,"0.54","0.62","0.66",,"0.55","0.34","0.51","0.11","0.3","0.29","0.36","0.33","0.58","0.49","0.42",,"0.54","0.12","0.28","0.56","-0.14","-0.18","0.66",,"-0.73","0.26","0.54",,"-0.55","-1.36","0.64",,"-0.12","1.09","-0.67",,"0.34","0.67","0.57",,"0.7","0.721","0.63",,"0.619","0.608","0.599",,"0.465","0.524","0.495",,"0.442","0.467","0.461",,"0.425","0.417","0.365",,"0.345","0.356","0.35",,"0.26","0.319","0.276",,"0.218","0.252","0.232",,"0.228","0.207","0.212"
DilutedEPS,,"0.64",,"0.35","0.73","1.08",,"0.77","0.61","0.67",,"0.54","0.61","0.66",,"0.55","0.34","0.51","0.11","0.3","0.29","0.36","0.33","0.57","0.49","0.42",,"0.54","0.12","0.28","0.56","-0.14","-0.18","0.62",,"-0.73","0.26","0.53",,"-0.55","-1.36","0.64",,"-0.12","1.09","-0.67",,"0.33","0.66","0.57",,"0.7","0.711","0.63",,"0.619","0.598","0.594",,"0.46","0.519","0.49",,"0.437","0.462","0.456",,"0.42","0.417","0.36",,"0.345","0.356","0.345",,"0.26","0.319","0.276",,"0.218","0.252","0.232",,"0.228","0.207","0.212"
BasicAverageShares,,"1,943,000,000",,"1,961,000,000","1,965,000,000","1,965,000,000",,"1,984,000,000","1,984,000,000","1,983,000,000",,"1,978,000,000","1,977,000,000","1,976,000,000",,"1,973,000,000","1,972,000,000","1,972,000,000","1,972,727,273","1,971,000,000","1,971,000,000","1,936,000,000","1,854,545,455","1,859,000,000","1,854,000,000","1,849,000,000",,"1,839,000,000","1,834,000,000","1,814,285,714","1,835,714,286","1,816,000,000","1,808,000,000","1,802,000,000",,"1,789,000,000","1,783,000,000","1,778,000,000",,"1,767,000,000","1,762,000,000","1,758,000,000",,"1,615,000,000","1,611,000,000","1,610,000,000",,"1,492,000,000","1,497,000,000","1,498,000,000",,"1,501,480,700","1,532,000,000","1,546,000,000",,"1,551,000,000","1,570,000,000","1,584,000,000",,"1,592,000,000","1,598,000,000","1,612,000,000",,"1,622,000,000","1,412,000,000","926,000,000",,"926,000,000","926,000,000","926,000,000",,"948,000,000","966,000,000","964,000,000",,"964,000,000","964,000,000","964,000,000",,"964,000,000","964,000,000","971,724,000",,"985,161,074","971,428,571","971,426,737"
DilutedAverageShares,,"1,947,000,000",,"1,965,000,000","1,969,000,000","1,969,000,000",,"1,989,000,000","1,989,000,000","1,989,000,000",,"1,986,000,000","1,984,000,000","1,984,000,000",,"1,976,000,000","1,976,000,000","1,976,000,000","1,972,727,273","1,977,000,000","1,992,000,000","1,959,000,000","1,854,545,455","1,883,000,000","1,878,000,000","1,874,000,000",,"1,864,000,000","1,860,000,000","1,814,285,714","1,835,714,286","1,816,000,000","1,808,000,000","1,919,000,000",,"1,789,000,000","1,871,000,000","1,861,000,000",,"1,767,000,000","1,762,000,000","1,763,000,000",,"1,615,000,000","1,616,000,000","1,610,000,000",,"1,503,000,000","1,508,000,000","1,498,000,000",,"1,515,392,500","1,546,000,000","1,562,000,000",,"1,566,000,000","1,586,000,000","1,600,000,000",,"1,608,000,000","1,612,000,000","1,628,000,000",,"1,638,000,000","1,424,000,000","934,000,000",,"932,000,000","932,000,000","932,000,000",,"954,000,000","974,000,000","972,000,000",,"972,000,000","972,000,000","972,000,000",,"964,000,000","964,000,000","971,724,000",,"985,161,074","971,428,571","971,426,737"
TotalExpenses,"68,943,000,000","17,963,000,000","9,405,000,000","21,526,000,000","20,049,000,000","20,622,000,000","7,668,000,000","5,733,000,000","11,718,000,000","6,626,000,000","17,875,000,000","10,275,000,000","14,577,000,000","11,422,000,000","-3,650,000,000","12,752,000,000","19,279,000,000","19,981,000,000","9,800,000,000","5,714,000,000","94,000,000","14,589,000,000","14,931,000,000","9,339,000,000","11,700,000,000","12,969,000,000","4,454,000,000","4,865,000,000","-851,000,000","5,285,000,000","5,049,000,000","8,319,000,000","11,777,000,000","2,527,000,000","9,580,000,000","25,254,000,000","10,233,000,000","5,857,000,000","1,265,000,000","14,474,000,000","15,256,000,000","7,810,000,000","5,990,000,000","14,453,000,000","9,690,000,000","10,126,000,000","14,246,000,000","5,150,000,000","6,213,000,000","2,193,694,900","23,767,053,700","2,135,461,300","582,935,000","671,424,300","23,076,701,700","1,884,332,850","1,057,607,100","214,654,400","22,041,541,800","1,902,223,400","1,866,595,200","3,468,639,950","19,199,314,250","1,835,047,500","1,611,581,500","1,100,027,250","11,805,522,100","985,098,500","1,016,345,000","1,006,129,800","11,983,805,600","943,789,000","965,771,500","973,194,000","13,850,673,200","341,215,200","338,668,800","336,964,400","334,807,500","329,513,970","315,413,440","296,651,240","290,082,109","275,382,426",,
NetIncomeFromContinuingAndDiscontinuedOperation,"4,257,000,000","1,150,000,000","1,067,000,000","602,000,000","1,438,000,000","2,162,000,000","306,000,000","1,822,000,000","1,222,000,000","1,323,000,000","-1,745,000,000","1,223,000,000","1,253,000,000","1,337,000,000","142,000,000","1,130,000,000","689,000,000","1,029,000,000","219,000,000","648,000,000","649,000,000","705,000,000","700,000,000","1,096,000,000","934,000,000","792,000,000","1,345,000,000","926,000,000","299,000,000","548,000,000","954,000,000","-227,000,000","-300,000,000","1,206,000,000","-69,000,000","-1,277,000,000","491,000,000","985,000,000","1,794,000,000","-947,000,000","-2,378,000,000","1,140,000,000","868,000,000","-172,000,000","1,774,000,000","-1,068,000,000","-1,870,000,000","510,000,000","1,008,000,000","858,803,850","1,074,002,500","1,069,221,200","1,099,917,500","987,524,400","1,083,813,450","972,846,800","946,397,100","949,612,400","901,324,600","745,105,200","842,662,400","800,920,700","751,466,850","720,097,950","660,989,750","427,131,250","417,305,950","394,039,400","388,602,500","338,318,500","369,107,800","323,584,800","343,723,400","335,034,000","334,498,100","249,592,600","309,590,400","273,980,400","287,023,520","315,972,300","242,993,880","225,033,650","244,820,684","224,391,123","201,286,800","205,739,440"
NormalizedIncome,"4,257,000,000","1,150,000,000","1,067,000,000","602,000,000","1,438,000,000","2,162,000,000","306,000,000","1,822,000,000","1,222,000,000","1,323,000,000","-1,745,000,000","1,223,000,000","1,253,000,000","1,337,000,000","142,000,000","1,130,000,000","689,000,000","1,029,000,000","219,000,000","648,000,000","649,000,000","705,000,000","700,000,000","1,096,000,000","934,000,000","792,000,000","1,345,000,000","926,000,000","299,000,000","548,000,000","192,750,000","189,250,000","-46,500,000","1,206,000,000","-253,760,000","-1,068,368,538.077","771,996,240.602","985,000,000","1,794,000,000","-247,852,544.91","-2,378,000,000","1,140,000,000","868,000,000","-172,000,000","1,774,000,000","-1,068,000,000","-1,870,000,000","510,000,000","1,008,000,000","858,803,850","1,074,002,500","1,069,221,200","1,099,917,500","987,524,400","1,083,813,450","972,846,800","946,397,100","949,612,400","901,324,600","745,105,200","842,662,400","800,920,700","751,466,850","720,097,950","660,989,750","427,131,250","417,305,950","394,039,400","388,602,500","338,318,500","369,107,800","323,584,800","343,723,400","335,034,000","334,498,100","249,592,600","309,590,400","273,980,400","287,023,520","315,972,300","242,993,880","225,033,650","244,820,684","224,391,123","201,286,800","205,739,440"
InterestIncome,"14,401,000,000","3,421,000,000","3,877,000,000","3,489,000,000","3,614,000,000","3,496,000,000","3,640,000,000","3,433,000,000","3,614,000,000",,"3,501,000,000","3,266,000,000","3,410,000,000","3,210,000,000","3,478,000,000","3,148,000,000","3,102,000,000","3,082,000,000","3,144,000,000","2,923,000,000","3,136,000,000","2,804,000,000","2,825,000,000","2,670,000,000","2,716,000,000","2,612,000,000","2,644,000,000","2,544,000,000","2,501,000,000",,,,,,,,,,,,,,,,,,,,,,,,,,,,,,,,,,,,,,,,,,,,,,,,,,,,,,,,,
InterestExpense,"1,360,000,000","369,000,000","325,000,000","348,000,000","318,000,000","328,000,000","359,000,000","312,000,000","318,000,000","286,000,000","295,000,000","306,000,000","279,000,000","259,000,000","266,000,000","288,000,000","258,000,000","201,000,000","252,000,000","282,000,000","251,000,000","316,000,000","309,000,000","284,000,000","244,000,000","294,000,000","177,000,000","265,000,000","308,000,000","295,000,000","119,000,000","246,000,000","314,000,000","288,000,000","288,000,000","353,000,000","327,000,000","281,000,000","276,000,000","242,000,000","262,000,000","297,000,000","261,000,000","279,000,000","543,000,000","218,000,000","372,000,000","237,000,000","273,000,000","303,710,800","235,052,600","299,103,700","191,475,000","306,870,900","264,718,750","254,368,200","227,980,500","214,654,400","200,736,400","193,820,200","199,642,400","193,576,000","156,098,150","155,662,650","111,282,250","65,712,500","62,727,550","64,773,600","63,861,250","61,779,900","63,759,400","66,620,400","59,315,100","54,243,600","67,436,000","66,347,400","57,668,800","66,133,200","55,338,570","46,643,530","47,413,440","40,651,240","58,296,596","34,092,168",,
NetInterestIncome,"-1,360,000,000","-369,000,000","-325,000,000","-348,000,000","-318,000,000","-328,000,000","-359,000,000","-312,000,000","-318,000,000","-286,000,000","-295,000,000","-306,000,000","-279,000,000","-259,000,000","-266,000,000","-288,000,000","-258,000,000","-201,000,000","-252,000,000","-282,000,000","-251,000,000","-316,000,000","-309,000,000","-284,000,000","-244,000,000","-294,000,000","-177,000,000","-265,000,000","-308,000,000","-295,000,000","-119,000,000","-246,000,000","-314,000,000","-288,000,000","-288,000,000","-353,000,000","-327,000,000","-281,000,000","-276,000,000","-242,000,000","-262,000,000","-297,000,000","-261,000,000","-279,000,000","-543,000,000","-218,000,000","-372,000,000","-237,000,000","-273,000,000","-303,710,800","-235,052,600","-299,103,700","-191,475,000","-306,870,900","-264,718,750","-254,368,200","-227,980,500","-214,654,400","-200,736,400","-193,820,200","-199,642,400","-193,576,000","-156,098,150","-155,662,650","-111,282,250","-65,712,500","-62,727,550","-64,773,600","-63,861,250","-61,779,900","-63,759,400","-66,620,400","-59,315,100","-54,243,600","-67,436,000","-66,347,400","-57,668,800","-66,133,200","-55,338,570","-46,643,530","-47,413,440","-40,651,240","-58,296,596","-34,092,168",,
EBIT,"6,760,000,000","2,073,000,000","1,550,000,000","1,063,000,000","2,074,000,000","2,852,000,000","718,000,000","2,223,000,000","1,853,000,000","2,000,000,000","-1,828,000,000","1,575,000,000","1,897,000,000","1,996,000,000","-19,000,000","1,602,000,000","1,205,000,000","1,554,000,000","388,000,000","1,270,000,000","901,000,000","1,160,000,000","1,033,000,000","1,676,000,000","1,455,000,000","1,231,000,000","2,031,000,000","1,383,000,000","513,000,000","865,000,000","1,176,000,000","-451,000,000","-167,000,000","1,578,000,000","407,000,000","-1,446,000,000","859,000,000","1,577,000,000","2,431,000,000","-1,094,000,000","-3,084,000,000","1,652,000,000","1,242,000,000","-422,000,000","2,238,000,000","-1,909,000,000","-2,224,000,000","914,000,000","1,618,000,000","303,710,800","5,841,052,600","299,103,700","191,475,000","306,870,900","5,600,718,750","254,368,200","227,980,500","214,654,400","4,522,736,400","193,820,200","199,642,400","193,576,000","3,595,098,150","155,662,650","111,282,250","65,712,500","1,914,727,550","64,773,600","63,861,250","61,779,900","1,737,759,400","66,620,400","59,315,100","54,243,600","1,430,436,000","66,347,400","57,668,800","66,133,200","55,338,570","46,643,530","47,413,440","40,651,240","58,296,596","34,092,168",,
ReconciledDepreciation,"645,000,000","174,000,000","162,000,000","152,000,000","157,000,000","155,000,000","261,000,000","177,000,000","170,000,000","139,000,000","155,000,000","140,000,000","134,000,000","131,000,000","144,000,000","282,000,000","130,000,000","137,000,000","141,000,000","135,000,000","172,000,000","132,000,000","123,000,000","117,000,000","109,000,000","113,000,000","114,000,000","107,000,000","101,000,000","104,000,000","107,000,000","96,000,000","92,000,000","95,000,000","101,000,000","86,000,000","79,000,000","79,000,000","76,000,000","72,000,000","66,000,000","66,000,000","59,000,000","82,000,000","80,000,000","83,000,000","80,000,000","72,000,000","126,895,800","4,104,200","215,415,800","-150,357,050","100,576,250","115,365,000","583,338,950","189,070,250","-3,399,600","167,990,400","499,471,000","187,064,200","37,057,950","25,406,850","502,885,200","-31,679,200",,,,,,,,,,,,,,,,,,,,,,
NetIncomeFromContinuingOperationNetMinorityInterest,"4,257,000,000","1,150,000,000","1,067,000,000","602,000,000","1,438,000,000","2,162,000,000","306,000,000","1,822,000,000","1,222,000,000","1,323,000,000","-1,745,000,000","1,223,000,000","1,253,000,000","1,337,000,000","142,000,000","1,130,000,000","689,000,000","1,029,000,000","219,000,000","648,000,000","649,000,000","705,000,000","700,000,000","1,096,000,000","934,000,000","792,000,000","1,345,000,000","926,000,000","299,000,000","548,000,000","954,000,000","-227,000,000","-300,000,000","1,206,000,000","-69,000,000","-1,277,000,000","491,000,000","985,000,000","1,794,000,000","-947,000,000","-2,378,000,000","1,140,000,000","868,000,000","-172,000,000","1,774,000,000","-1,068,000,000","-1,870,000,000","510,000,000","1,008,000,000","858,803,850","1,074,002,500","1,069,221,200","1,099,917,500","987,524,400","1,083,813,450","972,846,800","946,397,100","949,612,400","901,324,600","745,105,200","842,662,400","800,920,700","751,466,850","720,097,950","660,989,750","427,131,250","417,305,950","394,039,400","388,602,500","338,318,500","369,107,800","323,584,800","343,723,400","335,034,000","334,498,100","249,592,600","309,590,400","273,980,400","287,023,520","315,972,300","242,993,880","225,033,650","244,820,684","224,391,123","201,286,800","205,739,440"
TotalUnusualItemsExcludingGoodwill,,,,,,,,,,,,,,,,,,,,,,,,,,,"0","0",,,"1,015,000,000","-555,000,000","-338,000,000",,"248,000,000","-317,000,000","-302,000,000",,"0","-1,039,000,000",,,,,,,,,,,,,,,,,,,,,,,,,,,,,,,,,,,,,,,,,,,,,,
TotalUnusualItems,,,,,,,,,,,,,,,,,,,,,,,,,,,"0","0",,,"1,015,000,000","-555,000,000","-338,000,000",,"248,000,000","-317,000,000","-302,000,000",,"0","-1,039,000,000",,,,,,,,,,,,,,,,,,,,,,,,,,,,,,,,,,,,,,,,,,,,,,
TaxRateForCalcs,"0.19","0.35","0.073","0.14","0.137","0.115","0.12","0.003","0.16","0.197","0.2","0.01","0.188","0.199","0.265","0.089","0.244","0.22","0.265","0.32","0.265","0.137","0.023","0.206","0.193","0.142","0.268","0.154","0.25","0.026","0.25","0.25","0.25","0.047","0.255","0.342","0.07","0.237","0.158","0.327","0.29","0.153","0.139","0.29","0.29","0.29","0.28","0.251","0.258","0","0.051","0","0","0","0.062","0","0","0","0.07","0","0","0","0.076","0","0","0","0.034","0","0","0","0.04","0","0","0","0.071","0","0","0","0","0","0","0","0","0","0.4","0.4"
TaxEffectOfUnusualItems,"0","0","0","0","0","0","0","0","0","0","0","0","0","0","0","0","0","0","0","0","0","0","0","0","0","0","0","0","0","0","253,750,000","-138,750,000","-84,500,000","0","63,240,000","-108,368,538.077","-21,003,759.398","0","0","-339,852,544.91","0","0","0","0","0","0","0","0","0","0","0","0","0","0","0","0","0","0","0","0","0","0","0","0","0","0","0","0","0","0","0","0","0","0","0","0","0","0","0","0","0","0","0","0","0","0"