name,ttm,12/31/2019,12/31/2018,12/31/2017,12/31/2016,12/31/2015,12/31/2014,12/31/2013,12/31/2012,12/31/2011,12/31/2010,12/31/2009,12/31/2008,12/31/2007,12/31/2006,12/31/2005,12/31/2004,12/31/2003,12/31/2002,12/31/2001,12/31/2000,12/31/1999,12/31/1998,12/31/1997,12/31/1996,12/31/1995,12/31/1994
TotalRevenue,"4,758,300,000","4,739,100,000","4,244,265,000","3,965,594,000","3,818,749,000","3,539,570,000","2,957,951,000","2,155,551,000","2,037,667,000","1,713,823,000","1,782,857,000","1,702,603,000","2,120,081,000","2,207,141,000","2,206,401,000","2,004,243,000","1,759,613,000","1,711,453,000","1,692,437,000","1,718,050,000","1,517,517,000","1,258,800,000","1,057,700,000","900,900,000","721,900,000","664,400,000","501,700,000"
	OperatingRevenue,"4,758,300,000","4,739,100,000","4,244,265,000","3,965,594,000","3,818,749,000","3,539,570,000","2,957,951,000","2,155,551,000","2,037,667,000","1,713,823,000","1,782,857,000","1,702,603,000","2,120,081,000","2,207,141,000","2,206,401,000","2,004,243,000","1,759,613,000","1,711,453,000","1,692,437,000","1,718,050,000","1,517,517,000","1,258,800,000","1,057,700,000","900,900,000","721,900,000","664,400,000","501,700,000"
CostOfRevenue,"3,579,800,000","3,560,100,000","3,277,688,000","2,993,654,000","2,909,783,000","2,817,803,000","2,435,591,000","1,791,594,000","1,711,751,000","1,411,808,000","1,460,906,000","1,364,870,000","1,649,726,000","1,636,178,000","1,683,937,000","1,580,418,000","1,417,423,000","1,411,690,000","1,401,543,000","1,414,300,000","1,077,573,000","823,300,000","677,200,000","585,900,000","478,200,000","441,500,000","319,700,000"
GrossProfit,"1,178,500,000","1,179,000,000","966,577,000","971,940,000","908,966,000","721,767,000","522,360,000","363,957,000","325,916,000","302,015,000","321,951,000","337,733,000","470,355,000","570,963,000","522,464,000","423,825,000","342,190,000","299,763,000","290,894,000","303,750,000","439,944,000","435,500,000","380,500,000","315,000,000","243,700,000","222,900,000","182,000,000"
OperatingExpense,"304,300,000","293,600,000","262,361,000","262,921,000","239,962,000","233,887,000","164,596,000","145,969,000","170,963,000","140,993,000","125,597,000","150,156,000","147,065,000","137,933,000","134,478,000","115,118,000","115,598,000","114,616,000","116,205,000","106,505,000","237,467,000","220,200,000","183,900,000","152,200,000","123,000,000","115,300,000","90,100,000"
	SellingGeneralAndAdministration,"303,100,000","302,700,000","280,554,000","262,128,000","248,005,000","218,234,000","169,245,000","150,091,000","138,398,000","124,138,000","133,230,000","139,400,000","151,348,000","155,186,000","146,665,000","130,704,000","127,676,000","114,004,000","115,836,000","105,949,000","98,768,000","92,600,000","82,000,000","69,100,000","59,900,000","57,700,000","47,300,000"
	ResearchAndDevelopment,,,,,,,,"671,000","35,140,000","18,575,000","153,000","373,000","596,000","869,000","736,000","662,000","891,000","612,000","369,000","556,000","2,326,000","2,800,000","3,100,000","3,400,000","1,900,000","1,900,000",
	DepreciationAmortizationDepletionIncomeStatement,,,,,,,,,,,,,,,,,,,,,"136,373,000","124,800,000","98,800,000","79,700,000","61,200,000","55,700,000","42,800,000"
		DepreciationAndAmortizationInIncomeStatement,,,,,,,,,,,,,,,,,,,,,"136,373,000","124,800,000","98,800,000","79,700,000","61,200,000","55,700,000","42,800,000"
	OtherOperatingExpenses,"1,200,000","-9,100,000","-18,193,000","793,000","-8,043,000","15,653,000","-4,649,000","-4,793,000","-2,575,000","-1,720,000","-7,786,000","10,383,000","-4,879,000","-18,122,000","-12,923,000","-16,248,000","-12,969,000",,,,,,,,,,
OperatingIncome,"874,200,000","885,400,000","704,216,000","709,019,000","669,004,000","487,880,000","357,764,000","217,988,000","154,953,000","161,022,000","196,354,000","187,577,000","323,290,000","433,030,000","387,986,000","308,707,000","226,592,000","185,147,000","174,689,000","197,245,000","202,477,000","215,300,000","196,600,000","162,800,000","120,700,000","107,600,000","91,900,000"
NetNonOperatingInterestIncomeExpense,"-126,200,000","-129,300,000","-137,069,000","-91,487,000","-81,677,000","-76,287,000","-66,057,000","-53,467,000","-53,339,000","-58,586,000","-68,456,000","-73,460,000","-74,299,000",,,,,,,,,,,,,,
	InterestExpenseNonOperating,"126,200,000","129,300,000","137,069,000","91,487,000","81,677,000","76,287,000","66,057,000","53,467,000","53,339,000","58,586,000","68,456,000","73,460,000","74,299,000",,,,,,,,,,,,,,
OtherIncomeExpense,"-11,600,000","-7,800,000","8,934,000","1,396,000","19,701,000","2,208,000","-42,529,000","-295,000","1,299,000","-1,834,000","-202,000","1,145,000","-5,692,000","24,565,000","15,740,000","18,185,000","14,053,000","-429,000","13,609,000","7,986,000","8,239,000","18,400,000","1,300,000","5,300,000","8,400,000","6,000,000","5,400,000"
	SpecialIncomeCharges,"-700,000","-500,000","-13,479,000","-8,638,000","-1,683,000","-8,464,000","-42,891,000",,,"-1,834,000","-202,000","1,145,000","-5,692,000","24,565,000","15,740,000","18,185,000","14,053,000","-429,000","13,609,000","7,986,000","8,239,000","18,400,000","1,300,000","5,300,000","8,400,000","6,000,000","5,400,000"
		RestructuringAndMergernAcquisition,"700,000","500,000","13,479,000","8,638,000","1,683,000","8,464,000","42,891,000",,,,,,,,,,,,,,,,,,,,
	OtherNonOperatingIncomeExpenses,"-10,900,000","-7,300,000","22,413,000","10,034,000","21,384,000","10,672,000","362,000","-295,000","1,299,000",,,,,,,,,,,,,,,,,,
PretaxIncome,"736,400,000","748,300,000","576,081,000","618,928,000","607,028,000","413,801,000","249,178,000","164,226,000","102,913,000","100,602,000","127,696,000","115,262,000","243,299,000","378,580,000","350,444,000","268,047,000","184,722,000","142,131,000","144,270,000","158,439,000","168,821,000","194,300,000","174,100,000","151,200,000","118,900,000","103,800,000","90,400,000"
TaxProvision,"141,400,000","136,300,000","105,705,000","-94,457,000","181,584,000","124,863,000","94,847,000","44,045,000","16,950,000","20,986,000","29,217,000","27,375,000","71,822,000","116,073,000","106,640,000","72,534,000","56,543,000","41,047,000","46,455,000","53,077,000","56,794,000","68,500,000","58,500,000","52,700,000","40,300,000","36,200,000","32,100,000"
NetIncomeCommonStockholders,"594,100,000","611,000,000","469,192,000","711,313,000","423,611,000","287,540,000","154,954,000","120,824,000","83,974,000","82,379,000","97,012,000","85,459,000","176,256,000","262,749,000","245,422,000","192,666,000","129,163,000","93,623,000","86,315,000","105,362,000","112,027,000","125,800,000","115,600,000","98,500,000","78,600,000","67,600,000","53,700,000"
	NetIncome,"594,900,000","611,900,000","469,998,000","713,342,000","425,386,000","288,792,000","155,601,000","121,337,000","84,474,000","82,379,000","97,012,000","85,459,000","176,256,000","262,749,000","245,422,000","192,666,000","129,163,000","93,623,000","86,315,000","105,362,000","112,027,000","125,800,000","115,600,000","98,500,000","78,600,000","67,600,000","53,700,000"
		NetIncomeIncludingNoncontrollingInterests,"595,000,000","612,000,000","470,376,000","713,385,000","425,444,000","288,938,000","154,294,000","119,432,000","85,527,000","83,573,000","98,664,000","88,164,000","176,256,000","262,749,000","245,422,000","192,666,000","129,163,000","93,623,000","86,315,000","105,362,000","112,027,000","125,800,000","115,600,000","98,500,000","78,600,000","67,600,000","53,700,000"
			NetIncomeContinuousOperations,"595,000,000","612,000,000","470,376,000","713,385,000","425,444,000","288,938,000","154,331,000","120,181,000","85,963,000","79,616,000","98,479,000","87,887,000","171,477,000","262,507,000","243,804,000","195,513,000","128,179,000","101,084,000","97,815,000","105,362,000","112,027,000","125,800,000","115,600,000","98,500,000","78,600,000","67,600,000","58,300,000"
			NetIncomeDiscontinuousOperations,,,,,"0","0","-37,000","-749,000","-436,000","3,957,000","185,000","277,000","4,779,000","242,000","1,618,000","-2,847,000","984,000","-587,000",,,,,,,,,
			NetIncomeExtraordinary,,,,,,,,,,,,,,,,,,"-6,874,000","-11,500,000",,,,,,,,
			NetIncomeFromTaxLossCarryforward,,,,,,,,,,,,,,,,,,,,,,,,,,,"-4,600,000"
		MinorityInterests,,"-100,000","-378,000","-43,000","-58,000","-146,000","1,307,000","1,905,000","-1,053,000","-1,194,000","-1,652,000","-2,705,000",,,,,,,,,,,,,,,
	OtherunderPreferredStockDividend,,"900,000","806,000","2,029,000","1,775,000","1,252,000","647,000","513,000","500,000",,,,,,,,,,,,,,,,,,
DilutedNIAvailtoComStockholders,"594,100,000","611,000,000","469,192,000","711,313,000","423,611,000","287,540,000","154,954,000","120,824,000","83,974,000","82,379,000","97,012,000","85,459,000","176,256,000","262,749,000","245,422,000","192,666,000","129,163,000","93,623,000","86,315,000","105,362,000","112,027,000","125,800,000","115,600,000","98,500,000","78,600,000","67,600,000","53,700,000"
BasicEPS,,,"7.46","11.3","6.66","4.31","2.73","2.62","1.83","1.79","2.11","1.92","4.26","6.16","5.4","4.14","2.68","1.91","1.77","2.2","2.4","2.7","2.49","2.14","1.71","1.47","1.19"
DilutedEPS,,,"7.43","11.25","6.63","4.29","2.71","2.61","1.83","1.78","2.1","1.91","4.2","6.06","5.29","4.08","2.66","1.91","1.77","2.19","2.39","2.68","2.48","2.13","1.71","1.47","1.19"
BasicAverageShares,,,"62,895,000","62,900,000","63,610,000","66,800,000","56,900,000","46,200,000","45,800,000","45,700,000","45,500,000","44,000,000","41,400,000","42,653,000","45,453,000","46,540,000","48,142,000","48,905,000","48,727,000","47,873,000","46,753,000","46,668,000","46,425,703","46,028,037","46,079,300","45,986,395","45,126,050"
DilutedAverageShares,,,"63,147,000","63,200,000","63,861,000","67,000,000","57,100,000","46,300,000","46,000,000","45,800,000","45,700,000","44,200,000","42,000,000","43,347,000","46,367,000","47,279,000","48,534,000","49,136,000","48,858,000","48,066,000","46,948,000","46,947,000","46,612,903","46,244,131","46,141,732","45,986,395","45,126,050"
TotalOperatingIncomeAsReported,"873,500,000","884,900,000","690,737,000","700,381,000","667,321,000","479,416,000","314,873,000","217,988,000","154,953,000","161,022,000","196,354,000","187,577,000","323,290,000","433,030,000","387,986,000","308,707,000","226,592,000","185,147,000","174,689,000","197,245,000","202,477,000","215,300,000","196,600,000","162,800,000","120,700,000","107,600,000","91,900,000"
TotalExpenses,"3,884,100,000","3,853,700,000","3,540,049,000","3,256,575,000","3,149,745,000","3,051,690,000","2,600,187,000","1,937,563,000","1,882,714,000","1,552,801,000","1,586,503,000","1,515,026,000","1,796,791,000","1,774,111,000","1,818,415,000","1,695,536,000","1,533,021,000","1,526,306,000","1,517,748,000","1,520,805,000","1,315,040,000","1,043,500,000","861,100,000","738,100,000","601,200,000","556,800,000","409,800,000"
InterestExpense,"126,200,000","129,300,000","137,069,000","91,487,000","81,677,000","76,287,000","66,057,000","53,467,000","53,339,000","58,586,000","68,456,000","73,460,000","74,299,000",,,,,,,,,,,,,,
NetInterestIncome,"-126,200,000","-129,300,000","-137,069,000","-91,487,000","-81,677,000","-76,287,000","-66,057,000","-53,467,000","-53,339,000","-58,586,000","-68,456,000","-73,460,000","-74,299,000",,,,,,,,,,,,,,
NetIncomeFromContinuingAndDiscontinuedOperation,"594,900,000","611,900,000","469,998,000","713,342,000","425,386,000","288,792,000","155,601,000","121,337,000","84,474,000","82,379,000","97,012,000","85,459,000","176,256,000","262,749,000","245,422,000","192,666,000","129,163,000","100,497,000","97,815,000","105,362,000","112,027,000","125,800,000","115,600,000","98,500,000","78,600,000","67,600,000","58,300,000"
NormalizedIncome,"595,465,589.354","612,309,000","481,010,343","720,658,386","426,565,783","294,699,872","182,187,529","122,086,000","84,910,000","79,872,694","96,982,782.154","84,308,940.232","175,488,718.437","245,473,653.138","232,853,677.095","182,248,893.687","118,427,592.55","101,389,106.106","88,588,103.66","100,051,306.724","106,559,727.25","113,886,875.965","114,736,817.921","95,047,288.36","73,047,098.402","63,692,485.549","54,817,477.876"
EBIT,"862,600,000","877,600,000","713,150,000","710,415,000","688,705,000","490,088,000","315,235,000","217,693,000","156,252,000","159,188,000","196,152,000","188,722,000","317,598,000","433,030,000","387,986,000","308,707,000","226,592,000","185,147,000","174,689,000","197,245,000","202,477,000","215,300,000","196,600,000","162,800,000","120,700,000","107,600,000","91,900,000"
EBITDA,"1,239,900,000"
ReconciledCostOfRevenue,"3,579,800,000","3,560,100,000","3,277,688,000","2,993,654,000","2,909,783,000","2,817,803,000","2,435,591,000","1,791,594,000","1,711,751,000","1,411,808,000","1,460,906,000","1,364,870,000","1,649,726,000","1,636,178,000","1,683,937,000","1,580,418,000","1,417,423,000","1,411,690,000","1,401,543,000","1,414,300,000","1,077,573,000","823,300,000","677,200,000","585,900,000","478,200,000","441,500,000","319,700,000"
ReconciledDepreciation,"377,300,000","371,500,000","344,033,000","297,162,000","285,253,000","263,587,000","222,746,000","173,761,000","177,211,000","173,407,000","181,537,000","179,391,000","171,129,000","150,338,000","141,429,000","138,251,000","132,859,000","139,606,000","138,696,000","154,635,000","136,373,000","124,800,000","98,800,000","79,700,000","61,200,000","55,700,000","42,800,000"
NetIncomeFromContinuingOperationNetMinorityInterest,"594,900,000","611,900,000","469,998,000","713,342,000","425,386,000","288,792,000","155,638,000","122,086,000","84,910,000","78,422,000","96,827,000","85,182,000","171,477,000","262,507,000","243,804,000","195,513,000","128,179,000","101,084,000","97,815,000","105,362,000","112,027,000","125,800,000","115,600,000","98,500,000","78,600,000","67,600,000","58,300,000"
TotalUnusualItemsExcludingGoodwill,"-700,000","-500,000","-13,479,000","-8,638,000","-1,683,000","-8,464,000","-42,891,000",,,"-1,834,000","-202,000","1,145,000","-5,692,000","24,565,000","15,740,000","18,185,000","14,053,000","-429,000","13,609,000","7,986,000","8,239,000","18,400,000","1,300,000","5,300,000","8,400,000","6,000,000","5,400,000"
TotalUnusualItems,"-700,000","-500,000","-13,479,000","-8,638,000","-1,683,000","-8,464,000","-42,891,000",,,"-1,834,000","-202,000","1,145,000","-5,692,000","24,565,000","15,740,000","18,185,000","14,053,000","-429,000","13,609,000","7,986,000","8,239,000","18,400,000","1,300,000","5,300,000","8,400,000","6,000,000","5,400,000"
NormalizedEBITDA,"1,240,600,000","1,249,600,000","1,070,662,000","1,016,215,000","975,641,000","762,139,000","580,872,000","391,454,000","333,463,000","334,429,000","377,891,000","366,968,000","494,419,000","558,803,000","513,675,000","428,773,000","345,398,000","325,182,000","299,776,000","343,894,000","330,611,000","321,700,000","294,100,000","237,200,000","173,500,000","157,300,000","129,300,000"
TaxRateForCalcs,"0.192","0.182","0.183","0.153","0.299","0.302","0.381","0.268","0.165","0.209","0.229","0.238","0.295","0.307","0.304","0.271","0.306","0.289","0.322","0.335","0.336","0.353","0.336","0.349","0.339","0.349","0.355"
TaxEffectOfUnusualItems,"-134,410.646","-91,000","-2,466,657","-1,321,614","-503,217","-2,556,128","-16,341,471","0","0","-383,306","-46,217.846","271,940.232","-1,680,281.563","7,531,653.138","4,789,677.095","4,920,893.687","4,301,592.55","-123,893.894","4,382,103.66","2,675,306.724","2,771,727.25","6,486,875.965","436,817.921","1,847,288.36","2,847,098.402","2,092,485.549","1,917,477.876"