name,ttm,12/31/2019,12/31/2018,12/31/2017,12/31/2016,12/31/2015,12/31/2014,12/31/2013,12/31/2012,12/31/2011
TotalRevenue,"5,275,263,000","5,179,594,000","4,607,971,000","4,430,869,000","3,523,638,000","2,511,393,000","1,863,755,000","931,846,000","808,453,000","674,931,000"
	TotalPremiumsEarned,"4,229,091,000","4,118,042,000","3,732,202,000","3,654,176,000","2,993,781,000","2,129,810,000","1,633,220,000","688,066,000","574,252,000","498,210,000"
		NetPremiumsWritten,"4,269,560,000","4,224,621,000","3,827,713,000","3,577,595,000","3,071,306,000","2,186,246,000","1,870,024,000","679,316,000","632,494,000","538,236,000"
			GrossPremiumsWritten,"5,549,856,000","5,583,080,000","5,416,839,000","4,755,985,000","3,499,508,000","2,589,748,000","2,135,107,000","1,338,755,000","1,351,925,000","1,178,891,000"
			CededPremiums,"-1,280,296,000","-1,358,459,000","-1,589,126,000","-1,178,390,000","-428,202,000","-403,502,000","-265,083,000","-659,439,000","-719,431,000","-640,655,000"
		IncreaseDecreaseInNetUnearnedPremiumReserves,,,"-95,511,000","76,581,000","-77,525,000","-56,436,000","-236,804,000","8,750,000","-58,242,000","-40,026,000"
	NetInvestmentIncome,"138,031,000","141,233,000","119,034,000","110,720,000","77,484,000","60,093,000","50,182,000","27,939,000","30,550,000","28,355,000"
	NetRealizedGainLossOnInvestments,"6,590,000","13,473,000","-29,545,000","46,788,000","25,956,000","4,940,000","-648,000","1,200,000","16,612,000","4,775,000"
	FeeRevenueAndOtherIncome,"901,551,000","906,846,000","786,280,000","619,185,000","426,417,000","316,550,000","181,001,000","214,641,000","187,039,000","143,591,000"
		FeesAndCommissions,"875,123,000","880,418,000","786,280,000","619,383,000","426,417,000","317,338,000","181,001,000","214,641,000","187,039,000","143,591,000"
		OtherIncomeExpense,,"26,428,000",,"-198,000",,"-788,000","-1,660,000","16,000",,
TotalExpenses,"4,849,920,000","4,775,151,000","4,386,963,000","4,258,593,000","3,313,539,000","2,346,803,000","1,736,312,000","879,589,000","762,100,000","626,276,000"
	LossAdjustmentExpense,"2,894,657,000","2,854,468,000","2,662,226,000","2,626,082,000","1,958,545,000","1,381,641,000","1,053,065,000","462,124,000","394,666,000","340,152,000"
		NetPolicyholderBenefitsAndClaims,"2,894,657,000","2,854,468,000","2,662,226,000","2,626,082,000","1,958,545,000","1,381,641,000","1,053,065,000","462,124,000","394,666,000","340,152,000"
	PolicyAcquisitionExpense,"843,691,000","827,367,000","735,266,000","672,429,000","497,158,000","405,930,000","315,089,000","134,887,000","110,771,000","75,191,000"
	SellingGeneralAndAdministration,"1,061,247,000","1,041,772,000","938,046,000","912,996,000","844,114,000","530,347,000","348,762,000","280,552,000","258,604,000","208,939,000"
		GeneralAndAdministrativeExpense,"1,061,247,000","1,041,772,000","938,046,000","912,996,000","844,114,000","530,347,000","348,762,000","280,552,000","258,604,000","208,939,000"
			OtherGandA,"1,061,247,000","1,041,772,000","938,046,000","912,996,000","844,114,000","530,347,000","348,762,000","280,552,000","258,604,000","208,939,000"
	NetNonOperatingInterestIncomeExpense,"-50,325,000","-51,544,000","-51,425,000","-47,086,000","-40,180,000","-28,885,000","-17,736,000","-2,042,000","-1,787,000","-1,994,000"
		InterestExpenseNonOperating,"50,325,000","51,544,000","51,425,000","47,086,000","40,180,000","28,885,000","17,736,000","2,042,000","1,787,000","1,994,000"
	IncomefromAssociatesandOtherParticipatingInterests,,,,,,,,"1,274,000",,
	SpecialIncomeCharges,,,,,"26,458,000",,"-1,660,000","16,000","3,728,000","0"
		ImpairmentOfCapitalAssets,,,,,"26,458,000",,"1,660,000","16,000","3,728,000","0"
PretaxIncome,"425,343,000","404,443,000","221,008,000","172,276,000","210,099,000","164,590,000","127,443,000","52,257,000","46,353,000","48,655,000"
TaxProvision,"82,679,000","77,013,000","53,484,000","61,273,000","42,616,000","18,956,000","23,876,000","11,140,000","12,309,000","28,301,000"
EarningsFromEquityInterestNetOfTax,,,,"-8,795,000","25,401,000","10,643,000","1,180,000","1,274,000","-1,338,000","23,760,000"
NetIncomeCommonStockholders,"323,470,000","314,469,000","174,862,000","74,345,000","147,883,000","128,227,000","99,952,000","40,151,000","28,032,000","39,772,000"
	NetIncome,"357,070,000","348,069,000","207,354,000","105,845,000","172,216,000","142,252,000","102,243,000","42,309,000","32,706,000","44,100,000"
		NetIncomeIncludingNoncontrollingInterests,"342,664,000","327,430,000","167,524,000","102,208,000","192,884,000","156,277,000","104,747,000","42,391,000","32,706,000","44,114,000"
			NetIncomeContinuousOperations,"342,664,000","327,430,000","167,524,000","102,208,000","192,884,000","156,277,000","104,747,000","42,391,000","32,706,000","44,114,000"
		MinorityInterests,"14,406,000","20,639,000","39,830,000","3,637,000","-20,668,000","-14,025,000","-2,504,000","-82,000","0","-14,000"
	PreferredStockDividends,"33,600,000","33,600,000","32,492,000","31,500,000","24,333,000","14,025,000","2,291,000","2,158,000","4,674,000","4,328,000"
AverageDilutionEarnings,,"2,100,000",,,,,,,,
DilutedNIAvailtoComStockholders,"325,570,000","316,569,000","174,862,000","74,345,000","147,883,000","128,227,000","99,952,000","40,151,000","28,032,000","39,772,000"
BasicEPS,,"2.78","1.62","0.7","1.4","1.31","1.09","0.62","0.35","0.612"
DilutedEPS,,"2.73","1.59","0.68","1.37","1.27","1.07","0.59","0.35","0.554"
BasicAverageShares,,"113,199,501","107,659,813","106,588,402","105,951,752","98,241,904","91,499,122","65,017,579","79,731,800","65,017,579"
DilutedAverageShares,,"116,096,972","110,822,056","108,752,262","108,278,318","100,723,936","93,515,483","71,801,613","79,731,800","71,801,613"
NetIncomeFromContinuingAndDiscontinuedOperation,"357,070,000","348,069,000","207,354,000","105,845,000","172,216,000","142,252,000","102,243,000","42,309,000","32,706,000","44,100,000"
NormalizedIncome,"357,070,000","348,069,000","207,354,000","105,845,000","151,123,682.4","142,252,000","103,591,916","42,296,411.2","29,997,235.2","44,100,000"
EBIT,"475,668,000","455,987,000","272,433,000","219,362,000","250,279,000","193,475,000","145,179,000","54,299,000","48,140,000","50,649,000"
ReconciledDepreciation,"90,422,000","96,279,000","86,346,000","103,303,000","95,109,000","49,628,000","43,905,000","21,536,000","23,499,000","16,150,000"
NetIncomeFromContinuingOperationNetMinorityInterest,"357,070,000","348,069,000","207,354,000","105,845,000","172,216,000","142,252,000","102,243,000","42,309,000","32,706,000","44,100,000"
TotalUnusualItemsExcludingGoodwill,,,,,"26,458,000",,"-1,660,000","16,000","3,728,000","0"
TotalUnusualItems,,,,,"26,458,000",,"-1,660,000","16,000","3,728,000","0"
TaxRateForCalcs,"0.194","0.19","0.242","0.356","0.203","0.115","0.187","0.213","0.273","0.391"
TaxEffectOfUnusualItems,"0","0","0","0","5,365,682.4","0","-311,084","3,411.2","1,019,235.2","0"
InterestExpense,"50,325,000","51,544,000","51,425,000","47,086,000","40,180,000","28,885,000","17,736,000","2,042,000","1,787,000","1,994,000"