name,ttm,03/31/2020,12/31/2019,09/30/2019,06/30/2019,03/31/2019,12/31/2018,09/30/2018,06/30/2018,03/31/2018,12/31/2017,09/30/2017,06/30/2017,03/31/2017,12/31/2016,09/30/2016,06/30/2016,03/31/2016,12/31/2015,09/30/2015,06/30/2015,03/31/2015,12/31/2014,09/30/2014,06/30/2014,03/31/2014,12/31/2013,09/30/2013,06/30/2013,03/31/2013,12/31/2012,09/30/2012,06/30/2012,03/31/2012,12/31/2011,09/30/2011,06/30/2011,03/31/2011,12/31/2010,09/30/2010,06/30/2010,03/31/2010,12/31/2009,09/30/2009,06/30/2009,03/31/2009,12/31/2008,09/30/2008,06/30/2008,03/31/2008,12/31/2007,09/30/2007,06/30/2007,03/31/2007,12/31/2006,09/30/2006,06/30/2006,03/31/2006,12/31/2005,09/30/2005,06/30/2005,03/31/2005,12/31/2004,09/30/2004,06/30/2004,03/31/2004,12/31/2003,09/30/2003,06/30/2003,03/31/2003
TotalRevenue,"3,504,499,000","1,091,822,000","1,100,090,000","663,575,000","649,012,000","626,647,000","798,022,000","693,015,000","660,323,000","615,336,000","653,664,000","611,870,000","626,115,000","540,317,000","309,879,000","275,659,000","261,994,000","255,658,000","246,767,000","224,897,000","221,322,000","203,391,000","192,804,000","157,744,000","146,930,000","133,833,000","138,122,000","125,792,000","126,211,000","112,205,000","116,174,000","89,952,000","88,864,000","83,642,000","86,202,000","74,839,000","75,505,000","69,945,000","97,056,000","73,126,000","74,542,000","68,626,000","73,960,000","60,399,000","62,152,000","55,468,000","80,314,000","70,275,000","70,618,000","63,712,000","71,555,000","64,463,000","68,729,000","62,054,000","77,194,000","63,588,000","64,561,000","59,826,000","61,525,000","53,965,000","57,900,000","52,663,000","70,463,000","59,884,000","61,157,000","54,236,000","112,186,000","34,762,000","33,692,000","33,692,000"
	OperatingRevenue,"3,479,975,000","1,091,822,000","1,075,566,000","663,575,000","649,012,000","626,647,000","798,022,000","693,015,000","660,323,000","615,336,000","653,664,000","611,870,000","626,115,000","540,317,000","309,879,000","275,659,000","261,994,000","255,658,000","246,767,000","224,897,000","221,322,000","203,391,000","192,804,000","157,744,000","146,930,000","133,833,000","138,122,000","125,792,000","126,211,000","112,205,000","116,174,000","89,952,000","88,864,000","83,642,000","86,202,000","74,839,000","75,505,000","69,945,000","97,056,000","73,126,000","74,542,000","68,626,000","73,960,000","60,399,000","62,152,000","55,468,000","80,314,000","70,275,000","70,618,000","63,712,000","71,555,000","64,463,000","68,729,000","62,054,000","77,194,000","63,588,000","64,561,000","59,826,000","61,525,000","53,965,000","57,900,000","52,663,000","70,463,000","59,884,000","61,157,000","54,236,000","112,186,000","34,762,000","33,692,000","33,692,000"
CostOfRevenue,"1,497,550,000","441,781,000","437,398,000","322,327,000","296,044,000","292,863,000","279,152,000","285,363,000","274,439,000","278,963,000","264,410,000","257,656,000","252,610,000","218,729,000","98,195,000","100,744,000","92,935,000","90,123,000","77,144,000","80,417,000","75,011,000","69,685,000","51,931,000","48,395,000","45,257,000","41,849,000","39,876,000","37,270,000","36,461,000","34,104,000","25,834,000","21,950,000","21,852,000","22,128,000","22,023,000","20,826,000","19,705,000","19,103,000","20,090,000","19,669,000","19,580,000","18,983,000","20,366,000","18,726,000","19,086,000","19,055,000","20,098,000","19,410,000","19,283,000","19,496,000","19,219,000","18,202,000","18,551,000","18,156,000","18,634,000","17,738,000","17,705,000","17,388,000","18,487,000","16,663,000","16,661,000","16,306,000","17,950,000","16,685,000","15,937,000","15,472,000","30,280,000","10,327,000",,
GrossProfit,"2,006,949,000","650,041,000","662,692,000","341,248,000","352,968,000","333,784,000","518,870,000","407,652,000","385,884,000","336,373,000","389,254,000","354,214,000","373,505,000","321,588,000","211,684,000","174,915,000","169,059,000","165,535,000","169,623,000","144,480,000","146,311,000","133,706,000","140,873,000","109,349,000","101,673,000","91,984,000","98,246,000","88,522,000","89,750,000","78,101,000","90,340,000","68,002,000","67,012,000","61,514,000","64,179,000","54,013,000","55,800,000","50,842,000","76,966,000","53,457,000","54,962,000","49,643,000","53,594,000","41,673,000","43,066,000","36,413,000","60,216,000","50,865,000","51,335,000","44,216,000","52,336,000","46,261,000","50,178,000","43,898,000","58,560,000","45,850,000","46,856,000","42,438,000","43,038,000","37,302,000","41,239,000","36,357,000","52,513,000","43,199,000","45,220,000","38,764,000","81,906,000","24,435,000",,
OperatingExpense,"1,282,653,000","364,859,000","422,013,000","273,341,000","222,440,000","220,897,000","243,114,000","220,148,000","217,087,000","220,121,000","228,432,000","225,142,000","234,820,000","269,153,000","103,947,000","102,018,000","105,052,000","107,606,000","102,277,000","96,165,000","93,769,000","95,802,000","71,336,000","67,653,000","66,731,000","64,284,000","64,888,000","63,369,000","61,558,000","60,276,000","54,467,000","44,449,000","43,551,000","44,009,000","46,104,000","45,827,000","42,781,000","41,676,000","46,056,000","40,601,000","41,005,000","39,849,000","31,422,000","55,306,000","33,708,000","37,368,000","-11,885,000","87,664,000","35,169,000","44,277,000","39,643,000","37,936,000","36,757,000","37,795,000","39,687,000","36,041,000","35,777,000","36,349,000","36,132,000","34,434,000","34,223,000","34,537,000","37,921,000","34,439,000","33,527,000","-13,269,000","83,440,000","22,418,000",,
	SellingGeneralAndAdministration,"806,005,000","218,384,000","260,480,000","183,083,000","144,058,000","142,360,000","158,828,000","140,297,000","138,903,000","141,905,000","136,091,000","137,308,000","144,285,000","174,302,000","66,067,000","63,602,000","65,772,000","68,165,000","62,208,000","56,426,000","56,557,000","57,289,000","46,303,000","43,652,000","43,796,000","41,040,000","40,281,000","37,587,000","37,565,000","35,493,000","35,764,000","27,510,000","27,133,000","27,128,000","28,854,000","26,346,000","24,955,000","25,012,000","28,901,000","23,986,000","24,754,000","23,250,000","23,245,000","21,628,000","21,372,000","23,471,000","24,829,000","22,915,000","21,839,000","20,885,000","23,119,000","21,569,000","21,787,000","20,298,000","23,787,000","20,380,000","20,748,000","20,378,000","20,334,000","18,129,000","17,320,000","17,194,000","20,777,000","17,898,000","16,925,000","16,719,000","44,175,000","10,715,000",,
		GeneralAndAdministrativeExpense,"806,005,000","218,384,000","260,480,000","183,083,000","144,058,000","142,360,000","158,828,000","140,297,000","138,903,000","141,905,000","136,091,000","137,308,000","144,285,000","174,302,000","66,067,000","63,602,000","65,772,000","68,165,000","62,208,000","56,426,000","56,557,000","57,289,000","46,303,000","43,652,000","43,796,000","41,040,000","40,281,000","37,587,000","37,565,000","35,493,000","35,764,000","21,619,000",,"21,714,000",,,,,,,,"23,250,000",,,,,,,,,,,,,,,,,,,,,,,,,,,,
			OtherGandA,"806,005,000","218,384,000","260,480,000","183,083,000","144,058,000","142,360,000","158,828,000","140,297,000","138,903,000","141,905,000","136,091,000","137,308,000","144,285,000","174,302,000","66,067,000","63,602,000","65,772,000","68,165,000","62,208,000","56,426,000","56,557,000","57,289,000","46,303,000","43,652,000","43,796,000","41,040,000","40,281,000","37,587,000","37,565,000","35,493,000","35,764,000","21,619,000",,"21,714,000",,,,,,,,"23,250,000",,,,,,,,,,,,,,,,,,,,,,,,,,,,
		SellingAndMarketingExpense,,,,,,,,,,,,,,,,,,,,,,,,,,,,,,,,"4,661,000",,"4,995,000",,,,,,,,"4,579,000",,,,,,,,,,,,,,,,,,,,,,,,,,,,
	DepreciationAmortizationDepletionIncomeStatement,"473,370,000","143,197,000","161,533,000","90,258,000","78,382,000","78,537,000","84,286,000","79,851,000","78,184,000","78,216,000","92,341,000","87,834,000","90,535,000","94,851,000","37,880,000","38,416,000","39,280,000","39,441,000","40,069,000","39,739,000","37,212,000","38,513,000","25,033,000","24,001,000","22,935,000","23,244,000","24,607,000","25,782,000","23,993,000","24,783,000","18,703,000","16,939,000","16,418,000","16,900,000","17,250,000","19,481,000","17,826,000","16,656,000","16,857,000","16,605,000","16,240,000","16,623,000","1,214,000","36,283,000","17,003,000","16,148,000","19,433,000","16,826,000","16,277,000","17,040,000","16,831,000","16,914,000","16,247,000","17,345,000","15,764,000","15,238,000","15,013,000","15,907,000","15,595,000","16,307,000","16,256,000","17,343,000","17,144,000","16,541,000","16,602,000","18,930,000","39,265,000","11,703,000",,
		DepreciationAndAmortizationInIncomeStatement,"473,370,000","143,197,000","161,533,000","90,258,000","78,382,000","78,537,000","84,286,000","79,851,000","78,184,000","78,216,000","92,341,000","87,834,000","90,535,000","94,851,000","37,880,000","38,416,000","39,280,000","39,441,000","40,069,000","39,739,000","37,212,000","38,513,000","25,033,000","24,001,000","22,935,000","23,244,000","24,607,000","25,782,000","23,993,000","24,783,000","18,703,000","16,939,000","16,418,000","16,900,000","17,250,000","19,481,000","17,826,000","16,656,000","16,857,000","16,605,000","16,240,000","16,623,000","1,214,000","36,283,000","17,003,000","16,148,000","19,433,000","16,826,000","16,277,000","17,040,000","16,831,000","16,914,000","16,247,000","17,345,000","15,764,000","15,238,000","15,013,000","15,907,000","15,595,000","16,307,000","16,256,000","17,343,000","17,144,000","16,541,000","16,602,000","18,930,000","39,265,000","11,703,000",,
			DepreciationIncomeStatement,"131,345,000","35,407,000","38,485,000","29,363,000","28,090,000","27,437,000","31,212,000","27,673,000","25,090,000","25,814,000","26,161,000","25,979,000","26,292,000","22,226,000","13,126,000","12,877,000","12,739,000","12,558,000","11,972,000","13,076,000","11,302,000","10,872,000","9,247,000","8,838,000","8,543,000","8,419,000","8,787,000","8,598,000","8,213,000","7,980,000","6,196,000","5,896,000","5,715,000","5,748,000","5,792,000","5,618,000","5,205,000","5,230,000","5,223,000","5,252,000","5,257,000","5,380,000","5,677,000","5,413,000","5,394,000","5,196,000","5,374,000","5,229,000","5,088,000","5,333,000","5,186,000","5,011,000","5,024,000","4,988,000","4,438,000","4,400,000","4,622,000","4,626,000","3,987,000","3,996,000","4,327,000","4,423,000","4,511,000","4,107,000","4,208,000","5,123,000","11,290,000","3,346,000",,
			Amortization,"342,025,000","107,790,000","123,048,000","60,895,000","50,292,000","51,100,000","53,074,000","52,178,000","53,094,000","52,402,000","66,180,000","61,855,000","64,243,000","72,625,000","24,754,000","25,539,000","26,541,000","26,883,000","28,097,000","26,663,000","25,910,000","27,641,000","15,786,000","15,163,000","14,392,000","14,825,000","15,820,000","17,184,000","15,780,000","16,803,000","12,507,000","11,043,000","10,703,000","11,152,000","11,458,000","13,863,000","12,621,000","11,426,000","11,634,000","11,353,000","10,983,000","11,243,000","-4,463,000","30,870,000","11,609,000","10,952,000","14,059,000","11,597,000","11,189,000","11,707,000","11,645,000","11,903,000","11,223,000","12,357,000","11,326,000","10,838,000","10,391,000","11,281,000","11,608,000","12,311,000","11,929,000","12,920,000","12,633,000","12,434,000","12,394,000","13,807,000","27,975,000","8,357,000",,
				AmortizationOfIntangiblesIncomeStatement,"342,025,000","107,790,000","123,048,000","60,895,000","50,292,000","51,100,000","53,074,000","52,178,000","53,094,000","52,402,000","66,180,000","61,855,000","64,243,000","72,625,000","24,754,000","25,539,000","26,541,000","26,883,000","28,097,000","26,663,000","25,910,000","27,641,000","15,786,000","15,163,000","14,392,000","14,825,000","15,820,000","17,184,000","15,780,000","16,803,000","12,507,000","11,043,000","10,703,000","11,152,000","11,458,000","13,863,000","12,621,000","11,426,000","11,634,000","11,353,000","10,983,000","11,243,000","-4,463,000","30,870,000","11,609,000","10,952,000","14,059,000","11,597,000","11,189,000","11,707,000","11,645,000","11,903,000","11,223,000","12,357,000","11,326,000","10,838,000","10,391,000","11,281,000","11,608,000","12,311,000","11,929,000","12,920,000","12,633,000","12,434,000","12,394,000","13,807,000","27,975,000","8,357,000",,
	OtherOperatingExpenses,,"3,278,000","5,787,000","4,284,000",,"3,431,000",,,,,,,,,,,,,,,,,,,,,,,,,,"5,891,000",,"-19,000",,,,"8,000","298,000","10,000","11,000","-24,000","6,963,000","-2,605,000","-4,667,000","-2,251,000","-56,147,000","47,923,000","-2,947,000","6,352,000","-307,000","-547,000","-1,277,000","152,000","136,000","423,000","16,000","64,000","203,000","-2,000","647,000",,,,,"-48,918,000",,,,
OperatingIncome,"724,296,000","285,182,000","240,679,000","67,907,000","130,528,000","112,887,000","275,756,000","187,504,000","168,797,000","116,252,000","160,822,000","129,072,000","138,685,000","52,435,000","107,737,000","72,897,000","64,007,000","57,929,000","67,346,000","48,315,000","52,542,000","37,904,000","69,537,000","41,696,000","34,942,000","27,700,000","33,358,000","25,153,000","28,192,000","17,825,000","35,873,000","23,553,000","23,461,000","17,505,000","18,075,000","8,186,000","13,019,000","9,166,000","30,910,000","12,856,000","13,957,000","9,794,000","22,172,000","-13,633,000","9,358,000","-955,000","72,101,000","-36,799,000","16,166,000","-61,000","12,693,000","8,325,000","13,421,000","6,103,000","18,873,000","9,809,000","11,079,000","6,089,000","6,906,000","2,868,000","7,016,000","1,820,000","14,592,000","8,760,000","11,693,000","52,033,000","-1,534,000","2,017,000","33,692,000","33,692,000"
NetNonOperatingInterestIncomeExpense,"-352,677,000","-101,284,000","-106,831,000","-93,199,000","-51,363,000","-52,957,000","-53,887,000","-56,237,000","-56,281,000","-54,589,000","-52,668,000","-53,605,000","-55,685,000","-79,237,000","-45,228,000","-29,622,000","-20,577,000","-20,654,000","-20,440,000","-20,396,000","-20,391,000","-19,293,000","-15,920,000","-15,530,000","-15,339,000","-15,170,000","-15,891,000","-16,900,000","-16,903,000","-16,549,000","-13,638,000","-12,438,000","-12,574,000","-12,909,000","-12,922,000","-13,069,000","-13,308,000","-13,705,000","-14,113,000","-14,309,000","-13,881,000","-11,963,000","-11,799,000","-8,663,000","-8,895,000","-9,825,000",,,,,,,,,,,,,,,,,,,,,,,,
	InterestIncomeNonOperating,,,,,,,,,,,,,,,,,,,,,,,,,,,,,,,,,,,,,,,"2,000","1,000","3,000","1,000","4,000","5,000","10,000","35,000",,,,,,,,,,,,,,,,,,,,,,,,
	InterestExpenseNonOperating,"352,677,000","101,284,000","106,831,000","93,199,000","51,363,000","52,957,000","53,887,000","56,237,000","56,281,000","54,589,000","52,668,000","53,605,000","55,685,000","79,237,000","46,310,000","29,622,000","20,577,000","20,654,000","20,440,000","20,396,000","20,391,000","19,293,000","15,920,000","15,530,000","15,339,000","15,170,000","15,891,000","16,900,000","16,903,000","16,549,000","13,638,000",,,"12,909,000",,,,,"14,115,000","14,310,000","13,884,000","11,964,000","11,803,000","8,668,000","8,905,000","9,860,000",,,,,,,,,,,,,,,,,,,,,,,,
	TotalOtherFinanceCost,,,,,,,,,,,,,,,,,,,,,,,,,,,,,,,,"12,438,000","12,574,000","12,909,000","12,922,000","13,069,000","13,308,000","13,705,000",,,,,,,,,,,,,,,,,,,,,,,,,,,,,,,,
OtherIncomeExpense,"150,412,000","38,140,000","34,435,000","59,621,000","18,216,000","13,398,000","-8,710,000","3,804,000","7,354,000","3,182,000","-20,635,000","-1,382,000","-2,223,000","25,805,000","-15,408,000","-126,000","-147,000","-136,000","-134,000","-115,000","-150,000","-118,000","-767,000","-172,000","-198,000","-128,000","-36,163,000","-1,132,000","-84,000","-91,000","-3,268,000","4,000","-495,000","19,000","-441,000","82,000","-902,000","-347,000","-482,000","-65,000","-7,903,000","124,000","-8,071,000",,"-314,000","18,211,000","-35,337,000","-47,923,000","2,947,000","-6,352,000","307,000","547,000","1,277,000","-152,000","-136,000","-423,000","-16,000","-64,000","-199,000","426,000","-16,362,000","-48,000","363,000","-1,018,000","2,947,000","-6,521,000","-20,064,000","857,000",,
	EarningsFromEquityInterest,,"14,158,000","15,864,000","3,217,000",,,,,,,,,,,,,,,,,,,,,,,,,,,,,,,,,,,,,,,,,,,,,,,,,,,,,,,,,,,,,,,,,,
	SpecialIncomeCharges,"92,696,000","12,356,000","9,242,000","53,708,000","17,390,000","12,489,000","-10,455,000","2,230,000","5,216,000","359,000","-20,519,000","-1,221,000","-1,323,000","25,912,000","-15,262,000",,,,,"0","0",,"-638,000","0","-71,000",,"-34,956,000","-1,048,000","0","-7,000","-3,268,000","4,000","-495,000","0","-441,000","82,000","-902,000","-347,000","-482,000","-65,000","-7,903,000","124,000","-8,071,000","0","-314,000","18,211,000","-35,337,000","-47,923,000","2,947,000","-6,352,000","307,000","547,000","1,277,000","-152,000","-136,000","-423,000","-16,000","-64,000","-199,000","426,000","-16,362,000","-48,000","363,000","-1,018,000","2,947,000","-6,521,000","-20,064,000","857,000",,
		RestructuringAndMergernAcquisition,,,,,,,,,,,,,,,,,,,,,,,,,,,,,,,,,,,,,,,"0","0","0","0","0","0","314,000","356,000",,,,,,,,,,,,,,,,,"0",,,,,,,
		ImpairmentOfCapitalAssets,"83,228,000",,"0","63,317,000",,,"19,911,000",,,,"19,985,000",,,,"15,262,000",,,,,,,,,,,,,,,,,,,,,,,,"0","0",,,,,,,,,,,,,,,,,,,,,,,,,,,,,,
		OtherSpecialCharges,"-52,847,000","-5,281,000","-9,759,000","-20,417,000","-17,390,000","-12,489,000","-9,456,000","-2,230,000","-5,216,000","-359,000","534,000","1,221,000","1,323,000","31,804,000",,,,,,,,,"0",,"71,000",,"33,676,000","1,048,000",,,"2,775,000",,,,,,,,"482,000","65,000","7,903,000","-124,000","-8,093,000",,,"-18,567,000",,,,,,,,,,,,,,,,,"-363,000",,,,,,,
		GainOnSaleOfBusiness,"96,608,000","7,075,000","-517,000","96,608,000",,,"0","0","0","0","0","0","0","57,716,000",,,,,,,,,,,,,,,,,,,,,,,,,,,,,,,,,,,,,,,,,,,,,,,,,,,,,,,,
		GainOnSaleOfPPE,,,,,,,,,,,,,,,,,,,,,,,"-499,000",,,,"-1,245,000",,"5,000","-7,000","-493,000",,,,,,,,,,,,,,,,,,,,,,,,,,,,,,,,,,,,,,,
	OtherNonOperatingIncomeExpenses,"25,633,000","11,626,000","9,329,000","2,696,000","826,000","909,000","1,745,000","1,574,000","2,138,000","2,823,000","-116,000","-161,000","-900,000","-107,000","-146,000","-126,000","-147,000","-136,000","-134,000","-115,000","-150,000","-118,000","-129,000","-172,000","-127,000","-128,000","-1,207,000","-84,000","-84,000","-84,000",,,,,,,,,,,,,,,,,,,,,,,,,,,,,,,,,,,,,,,,
PretaxIncome,"522,031,000","222,038,000","168,283,000","34,329,000","97,381,000","73,328,000","213,159,000","135,071,000","119,870,000","64,845,000","87,519,000","74,085,000","80,777,000","-997,000","47,101,000","43,149,000","43,283,000","37,139,000","46,772,000","27,804,000","32,001,000","18,493,000","52,850,000","25,994,000","19,405,000","12,402,000","-18,696,000","7,121,000","11,205,000","1,185,000","18,967,000","11,119,000","10,392,000","4,596,000","4,712,000","-4,801,000","-1,191,000","-4,886,000","16,315,000","-1,518,000","-7,827,000","-2,045,000","2,302,000","-22,296,000","149,000","7,431,000","-26,906,000","-48,331,000","5,511,000","-13,649,000","-923,000","-5,337,000","-205,000","-7,501,000","5,725,000","-3,208,000","-1,654,000","-6,036,000","-4,949,000","-8,011,000","-19,548,000","-11,264,000","1,746,000","-5,361,000","1,627,000","-16,233,000","-49,434,000","-10,759,000",,
TaxProvision,"184,929,000","64,344,000","54,432,000","39,507,000","26,646,000","16,441,000","58,669,000","35,243,000","33,264,000","17,504,000","-292,337,000","32,013,000","32,322,000","-5,941,000","26,690,000","17,533,000","18,484,000","14,865,000","19,356,000","10,649,000","12,101,000","6,581,000","22,001,000","10,590,000","8,461,000","5,049,000","-6,244,000","3,526,000","4,838,000","480,000","-136,991,000","1,558,000","1,574,000","1,580,000","1,448,000","1,458,000","1,393,000","1,426,000","2,041,000","1,477,000","1,595,000","1,628,000","1,335,000","-3,905,000","1,391,000","1,379,000","-5,626,000","-3,003,000","1,634,000","1,679,000","1,682,000","1,507,000","1,086,000","1,532,000","1,121,000","733,000","714,000","1,251,000","1,158,000","876,000","1,380,000","1,544,000","1,548,000","924,000","945,000","968,000","-16,398,000","273,000",,
NetIncomeCommonStockholders,"332,282,000","156,915,000","113,212,000","-5,847,000","68,002,000","54,892,000","153,109,000","100,514,000","87,732,000","48,122,000","378,481,000","46,475,000","43,992,000","6,049,000","20,482,000","24,799,000","24,529,000","21,727,000","27,174,000","17,282,000","20,321,000","12,907,000","30,849,000","15,404,000","10,944,000","7,353,000","-12,452,000","3,595,000","6,367,000","705,000","161,097,000","9,561,000","8,818,000","3,016,000","3,264,000","-6,259,000","-2,584,000","-6,312,000","14,274,000","-2,995,000","-9,422,000","-3,673,000","967,000","-18,391,000","-1,242,000","6,052,000","-21,280,000","-45,328,000","3,877,000","-15,328,000","-2,605,000","-6,844,000","-1,291,000","-9,033,000","4,604,000","-3,941,000","-2,368,000","-7,287,000","-6,107,000","-8,887,000","-20,928,000","-12,808,000","741,000","-5,702,000","1,175,000","-16,714,000","-42,470,000","-17,195,000","-9,757,000","-17,696,000"
	NetIncome,"332,282,000","156,915,000","113,212,000","-5,847,000","68,002,000","54,892,000","153,109,000","100,514,000","87,732,000","48,122,000","378,481,000","46,475,000","43,992,000","6,049,000","20,482,000","24,799,000","24,529,000","21,727,000","27,174,000","17,282,000","20,321,000","12,907,000","30,849,000","15,404,000","10,944,000","7,353,000","-12,452,000","3,595,000","6,367,000","705,000","161,097,000","9,561,000","8,818,000","3,016,000","3,264,000","-6,259,000","-2,584,000","-6,312,000","14,274,000","-2,995,000","-9,422,000","-3,673,000","967,000","-18,391,000","-1,242,000","6,052,000","-21,280,000","-45,328,000","3,877,000","-15,328,000","-2,605,000","-6,844,000","-1,291,000","-9,033,000","4,604,000","-3,941,000","-2,368,000","-7,287,000","-6,107,000","-8,887,000","-20,928,000","-12,808,000","741,000","-5,702,000","1,175,000","-16,714,000","-35,090,000","-17,195,000","-9,757,000","-9,757,000"
		NetIncomeIncludingNoncontrollingInterests,"337,102,000","157,694,000","113,851,000","-5,178,000","70,735,000","56,887,000","154,490,000","99,828,000","86,606,000","47,341,000","379,856,000","42,072,000","48,455,000","4,944,000","20,411,000","25,616,000","24,799,000","22,274,000","27,416,000","17,155,000","19,900,000","11,912,000","30,849,000","15,404,000","10,944,000","7,353,000","-12,452,000","3,595,000","6,367,000","705,000","161,097,000","9,561,000","8,818,000","3,016,000","3,264,000","-6,259,000","-2,584,000","-6,312,000","14,274,000","-2,995,000","-9,422,000","-3,673,000","967,000","-18,391,000","-1,242,000","6,052,000","-21,280,000","-45,328,000","3,877,000","-15,328,000","-2,605,000","-6,844,000","-1,291,000","-9,033,000","4,604,000","-3,941,000","-2,368,000","-7,287,000","-6,107,000","-8,887,000","-20,928,000","-12,808,000","198,000","-6,285,000","682,000","-17,201,000","-35,613,000","-17,353,000","-9,757,000","-9,757,000"
			NetIncomeContinuousOperations,"337,102,000","157,694,000","113,851,000","-5,178,000","70,735,000","56,887,000","154,490,000","99,828,000","86,606,000","47,341,000","379,856,000","42,072,000","48,455,000","4,944,000","20,411,000","25,616,000","24,799,000","22,274,000","27,416,000","17,155,000","19,900,000","11,912,000","30,849,000","15,404,000","10,944,000","7,353,000","-12,452,000","3,595,000","6,367,000","705,000","155,958,000","9,561,000","8,818,000","3,016,000","3,264,000","-6,259,000","-2,584,000","-6,312,000","14,274,000","-2,995,000","-9,422,000","-3,673,000","967,000","-18,391,000","-1,242,000","6,052,000","-21,280,000","-45,328,000","3,877,000","-15,328,000","-2,605,000","-6,844,000","-1,291,000","-9,033,000","4,604,000","-3,941,000","-2,368,000","-7,287,000","-6,107,000","-8,887,000","-20,928,000","-12,808,000","741,000","-5,702,000","1,175,000","-16,714,000","-32,513,000","-10,874,000","-9,757,000","-9,757,000"
			NetIncomeDiscontinuousOperations,,,,,,,,,,,,,,,,,,,,,,,,,,,"0",,,,"5,139,000",,,,,,,,,,,,,,,,,,,,,,,,,,,,,,,,,,,,,,,
			NetIncomeExtraordinary,,,,,,,,,,,,,,,,,,,,,,,,,,,,,,,,,,,,,,,,,,,,,,,,,,,,,,,,,,,,,,,,,,,"-2,577,000","-6,321,000",,
		MinorityInterests,"-4,820,000","-779,000","-639,000","-669,000","-2,733,000","-1,995,000","-1,381,000","686,000","1,126,000","781,000","-1,375,000","4,403,000","-4,463,000","1,105,000","71,000","-817,000","-270,000","-547,000","-242,000","127,000","421,000","995,000",,,,,,,,,,,,,,,,,,,,,,,,,,,,,,,,,,,,,,,,,"543,000","583,000","493,000","487,000","523,000","158,000",,
	PreferredStockDividends,,,,,,,,,,,,,,,,,,,,,,,,,,,,,,,,,,,,,,,,,,,,,,,,,,,,,,,,,,,,,,,,,,,"7,380,000",,,"7,939,000"
DilutedNIAvailtoComStockholders,"332,282,000","156,915,000","113,212,000","-5,847,000","68,002,000","54,892,000","153,109,000","100,514,000","87,732,000","48,122,000","378,481,000","46,475,000","43,992,000","6,049,000","20,482,000","24,799,000","24,529,000","21,727,000","27,174,000","17,282,000","20,321,000","12,907,000","30,849,000","15,404,000","10,944,000","7,353,000","-12,452,000","3,595,000","6,367,000","705,000","161,097,000","9,561,000","8,818,000","3,016,000","3,264,000","-6,259,000","-2,584,000","-6,312,000","14,274,000","-2,995,000","-9,422,000","-3,673,000","967,000","-18,391,000","-1,242,000","6,052,000","-21,280,000","-45,328,000","3,877,000","-15,328,000","-2,605,000","-6,844,000","-1,291,000","-9,033,000","4,604,000","-3,941,000","-2,368,000","-7,287,000","-6,107,000","-8,887,000","-20,928,000","-12,808,000","741,000","-5,702,000","1,175,000","-16,714,000","-42,470,000","-17,195,000","-9,757,000","-17,696,000"
BasicEPS,,"3.43","2.46","-0.13","1.48","1.2","3.36","2.21","1.92","1.04","8.27","1.01","0.94","0.14","0.67","0.81","0.8","0.71","0.89","0.55","0.65","0.41","1","0.5","0.36","0.24","-0.41","0.12","0.22","0.02","5.53","0.33","0.31","0.1",,"-0.22","-0.09","-0.22",,"-0.11","-0.33","-0.13",,"-0.65","-0.04","0.21",,"-1.59","0.14","-0.54",,"-0.24","-0.05","-0.32",,"-0.14","-0.08","-0.26",,"-0.31","-0.74","-0.45",,"-0.2","0.04","-0.59",,"-2.41","-2.01","-2.01"
DilutedEPS,,"3.3","2.36","-0.13","1.42","1.15","3.22","2.12","1.86","1.01","7.97","0.98","0.91","0.13","0.64","0.78","0.78","0.69","0.86","0.54","0.63","0.4","0.96","0.48","0.34","0.23","-0.41","0.11","0.2","0.02","5.16","0.31","0.29","0.1",,"-0.22","-0.09","-0.22",,"-0.11","-0.33","-0.13",,"-0.65","-0.04","0.21",,"-1.59","0.14","-0.54",,"-0.24","-0.05","-0.32",,"-0.14","-0.08","-0.26",,"-0.31","-0.74","-0.45",,"-0.2","0.04","-0.59",,"-2.41","-2.01","-2.01"
BasicAverageShares,,"45,702,000","45,952,000","46,114,000","46,090,000","45,785,000","45,619,000","45,552,000","45,631,000","46,075,000","45,757,000","46,107,000","46,931,000","44,200,000","30,713,000","30,695,000","30,680,000","30,658,000","30,622,000","31,262,000","31,325,000","31,196,000","30,962,000","30,888,000","30,641,000","30,603,000","30,465,000","30,048,000","29,604,000","29,461,000","29,117,000","28,960,000","28,875,000","28,807,000",,"28,799,000","28,452,000","28,450,000",,"28,432,000","28,431,000","28,430,000",,"28,426,000","28,425,000","28,425,000",,"28,425,000","28,422,000","28,418,000",,"28,402,000","28,402,000","28,393,000",,"28,379,000","28,372,000","28,363,000",,"28,363,000","28,363,000","28,363,000",,"28,363,000","28,363,000","28,363,000",,"7,146,000","6,941,000","6,941,000"
DilutedAverageShares,,"45,702,000","45,952,000","46,114,000","47,971,000","47,784,000","47,482,000","47,338,000","47,147,000","47,685,000","47,510,000","47,452,000","48,195,000","45,419,000","31,798,000","31,698,000","31,620,000","31,538,000","31,580,000","32,151,000","32,382,000","32,256,000","32,102,000","32,067,000","31,932,000","31,909,000","30,465,000","31,509,000","31,325,000","31,054,000","31,243,000","30,703,000","30,341,000","30,639,000",,"28,799,000","28,452,000","28,450,000",,"28,432,000","28,431,000","28,430,000",,"28,426,000","28,425,000","28,425,000",,"28,425,000","28,422,000","28,418,000",,"28,402,000","28,402,000","28,393,000",,"28,379,000","28,372,000","28,363,000",,"28,363,000","28,363,000","28,363,000",,"28,363,000","28,363,000","28,363,000",,"7,146,000","6,941,000","6,941,000"
TotalOperatingIncomeAsReported,"833,072,000","305,015,000","256,498,000","121,615,000","149,944,000","127,074,000","272,776,000","192,893,000","174,494,000","117,616,000","140,837,000","129,072,000","138,685,000","110,151,000","92,475,000","72,897,000","64,007,000","57,929,000","67,346,000","48,315,000","52,542,000","37,904,000","68,899,000","41,696,000","34,942,000","27,700,000","32,078,000","25,153,000","28,192,000","17,818,000","35,380,000","23,557,000","23,463,000","17,505,000","17,634,000","8,268,000","12,925,000","9,166,000","30,910,000","12,856,000","13,957,000","9,824,000","14,101,000","-13,633,000","9,044,000","-1,311,000","-17,461,000","-36,799,000","16,166,000","-61,000","12,693,000","8,325,000","13,421,000","6,103,000","18,873,000","9,809,000","11,079,000","6,089,000","6,906,000","2,868,000","7,016,000","1,820,000","14,592,000","8,760,000","11,693,000","51,577,000","-13,288,000","2,017,000",,
TotalExpenses,"2,780,203,000","806,640,000","859,411,000","595,668,000","518,484,000","513,760,000","522,266,000","505,511,000","491,526,000","499,084,000","492,842,000","482,798,000","487,430,000","487,882,000","202,142,000","202,762,000","197,987,000","197,729,000","179,421,000","176,582,000","168,780,000","165,487,000","123,267,000","116,048,000","111,988,000","106,133,000","104,764,000","100,639,000","98,019,000","94,380,000","80,301,000","66,399,000","65,403,000","66,137,000","68,127,000","66,653,000","62,486,000","60,779,000","66,146,000","60,270,000","60,585,000","58,832,000","51,788,000","74,032,000","52,794,000","56,423,000","8,213,000","107,074,000","54,452,000","63,773,000","58,862,000","56,138,000","55,308,000","55,951,000","58,321,000","53,779,000","53,482,000","53,737,000","54,619,000","51,097,000","50,884,000","50,843,000","55,871,000","51,124,000","49,464,000","2,203,000","113,720,000","32,745,000",,
NetIncomeFromContinuingAndDiscontinuedOperation,"332,282,000","156,915,000","113,212,000","-5,847,000","68,002,000","54,892,000","153,109,000","100,514,000","87,732,000","48,122,000","378,481,000","46,475,000","43,992,000","6,049,000","20,482,000","24,799,000","24,529,000","21,727,000","27,174,000","17,282,000","20,321,000","12,907,000","30,849,000","15,404,000","10,944,000","7,353,000","-12,452,000","3,595,000","6,367,000","705,000","161,097,000","9,561,000","8,818,000","3,016,000","3,264,000","-6,259,000","-2,584,000","-6,312,000","14,274,000","-2,995,000","-9,422,000","-3,673,000","967,000","-18,391,000","-1,242,000","6,052,000","-21,280,000","-45,328,000","3,877,000","-15,328,000","-2,605,000","-6,844,000","-1,291,000","-9,033,000","4,604,000","-3,941,000","-2,368,000","-7,287,000","-6,107,000","-8,887,000","-20,928,000","-12,808,000","741,000","-5,702,000","1,175,000","-16,714,000","-32,513,000","-10,874,000","-9,757,000","-9,757,000"
NormalizedIncome,"272,423,472.457","148,139,623.425","106,959,372.331","-45,053,840","55,376,860","45,200,536","160,686,409.117","98,866,030","83,966,048","47,859,930","390,792,400","47,207,600","44,785,800","-9,498,200","20,482,000","24,799,000","24,529,000","21,727,000","27,174,000","17,282,000","20,321,000","12,907,000","31,263,700","15,404,000","10,990,150","7,353,000","10,829,563.543","4,276,200","6,367,000","709,550","158,082,200","9,557,560.482","9,238,025.982","3,016,000","3,569,480.475","-6,312,300","-1,997,700","-6,086,450","14,695,701.992","-2,952,750","-4,285,050","-3,753,600","6,213,150","-18,391,000","-1,037,900","-8,779,512.852","6,668,091.875","-382,649.314","1,803,779.35","-11,199,200","-2,804,550","-7,199,550","-2,121,050","-8,934,200","4,713,370.131","-3,687,200","-2,358,400","-7,248,600","-5,987,600","-9,142,600","-11,110,800","-12,779,200","523,200","-5,091,200","-593,200","-12,801,400","-19,104,530.04","-11,388,200","-9,757,000","-9,757,000"
InterestIncome,,,,,,,,,,,,,,,,,,,,,,,,,,,,,,,,,,,,,,,"2,000","1,000","3,000","1,000","4,000","5,000","10,000","35,000",,,,,,,,,,,,,,,,,,,,,,,,
InterestExpense,"352,677,000","101,284,000","106,831,000","93,199,000","51,363,000","52,957,000","53,887,000","56,237,000","56,281,000","54,589,000","52,668,000","53,605,000","55,685,000","79,237,000","46,310,000","29,622,000","20,577,000","20,654,000","20,440,000","20,396,000","20,391,000","19,293,000","15,920,000","15,530,000","15,339,000","15,170,000","15,891,000","16,900,000","16,903,000","16,549,000","13,638,000",,,"12,909,000",,,,,"14,115,000","14,310,000","13,884,000","11,964,000","11,803,000","8,668,000","8,905,000","9,860,000",,,,,,,,,,,,,,,,,,,,,,,,
NetInterestIncome,"-352,677,000","-101,284,000","-106,831,000","-93,199,000","-51,363,000","-52,957,000","-53,887,000","-56,237,000","-56,281,000","-54,589,000","-52,668,000","-53,605,000","-55,685,000","-79,237,000","-45,228,000","-29,622,000","-20,577,000","-20,654,000","-20,440,000","-20,396,000","-20,391,000","-19,293,000","-15,920,000","-15,530,000","-15,339,000","-15,170,000","-15,891,000","-16,900,000","-16,903,000","-16,549,000","-13,638,000","-12,438,000","-12,574,000","-12,909,000","-12,922,000","-13,069,000","-13,308,000","-13,705,000","-14,113,000","-14,309,000","-13,881,000","-11,963,000","-11,799,000","-8,663,000","-8,895,000","-9,825,000",,,,,,,,,,,,,,,,,,,,,,,,
EBIT,"874,708,000","323,322,000","275,114,000","127,528,000","148,744,000","126,285,000","267,046,000","191,308,000","176,151,000","119,434,000","140,187,000","127,690,000","136,462,000","78,240,000","93,411,000","72,771,000","63,860,000","57,793,000","67,212,000","48,200,000","52,392,000","37,786,000","68,770,000","41,524,000","34,744,000","27,572,000","-2,805,000","24,021,000","28,108,000","17,734,000","32,133,000","23,553,000","23,461,000","17,505,000","18,075,000","8,186,000","13,019,000","9,166,000","30,430,000","12,792,000","6,057,000","9,919,000","14,105,000","-13,628,000","9,054,000","17,291,000","-13,849,000","-36,799,000","16,166,000","-61,000","12,693,000","8,325,000","13,421,000","6,103,000","18,873,000","9,809,000","11,079,000","6,089,000","6,906,000","2,868,000","7,016,000","1,820,000","14,592,000","8,760,000","11,693,000","52,033,000","-1,534,000","2,017,000","33,692,000","33,692,000"
EBITDA,"1,348,078,000"
ReconciledCostOfRevenue,"1,497,550,000","441,781,000","437,398,000","322,327,000","296,044,000","292,863,000","279,152,000","285,363,000","274,439,000","278,963,000","275,982,000","268,423,000","262,535,000","228,960,000","105,894,000","109,560,000","101,937,000","99,290,000","86,557,000","89,789,000","84,489,000","79,104,000","57,834,000","53,993,000","50,766,000","47,521,000","45,380,000","43,193,000","42,016,000","39,948,000","23,351,000","27,513,000","27,044,000","27,676,000","27,913,000","27,476,000","27,217,000","22,440,000","23,537,000","22,570,000","22,238,000","21,931,000","7,300,000","37,957,000","21,971,000","22,020,000","27,367,000","21,997,000","21,879,000","18,749,000","18,441,000","17,474,000","17,701,000","18,326,000","18,141,000","17,175,000","16,866,000","17,364,000","18,322,000","16,691,000","16,661,000","16,306,000","17,950,000","16,685,000","15,937,000","15,472,000","29,508,000","10,327,000",,
ReconciledDepreciation,"473,370,000","143,197,000","161,533,000","90,258,000","78,382,000","78,537,000","84,286,000","79,851,000","78,184,000","78,216,000","80,769,000","77,067,000","80,610,000","84,620,000","30,181,000","29,600,000","30,278,000","30,274,000","30,656,000","30,367,000","27,734,000","29,094,000","19,130,000","18,403,000","17,426,000","17,572,000","19,103,000","19,859,000","18,438,000","18,939,000","21,186,000","11,376,000","11,226,000","11,352,000","11,360,000","12,831,000","10,314,000","13,319,000","13,410,000","13,704,000","13,582,000","13,675,000","14,280,000","17,052,000","14,118,000","13,183,000","12,164,000","14,239,000","13,681,000","17,787,000","17,609,000","17,642,000","17,097,000","17,175,000","16,257,000","15,801,000","15,852,000","15,931,000","15,760,000","16,279,000","16,256,000","17,343,000","17,144,000","16,541,000","16,602,000","18,930,000","40,037,000","11,703,000",,
NetIncomeFromContinuingOperationNetMinorityInterest,"332,282,000","156,915,000","113,212,000","-5,847,000","68,002,000","54,892,000","153,109,000","100,514,000","87,732,000","48,122,000","378,481,000","46,475,000","43,992,000","6,049,000","20,482,000","24,799,000","24,529,000","21,727,000","27,174,000","17,282,000","20,321,000","12,907,000","30,849,000","15,404,000","10,944,000","7,353,000","-12,452,000","3,595,000","6,367,000","705,000","155,958,000","9,561,000","8,818,000","3,016,000","3,264,000","-6,259,000","-2,584,000","-6,312,000","14,274,000","-2,995,000","-9,422,000","-3,673,000","967,000","-18,391,000","-1,242,000","6,052,000","-21,280,000","-45,328,000","3,877,000","-15,328,000","-2,605,000","-6,844,000","-1,291,000","-9,033,000","4,604,000","-3,941,000","-2,368,000","-7,287,000","-6,107,000","-8,887,000","-20,928,000","-12,808,000","741,000","-5,702,000","1,175,000","-16,714,000","-32,513,000","-10,874,000","-9,757,000","-9,757,000"
TotalUnusualItemsExcludingGoodwill,"92,696,000","12,356,000","9,242,000","53,708,000","17,390,000","12,489,000","-10,455,000","2,230,000","5,216,000","359,000","-20,519,000","-1,221,000","-1,323,000","25,912,000","-15,262,000",,,,,"0","0",,"-638,000","0","-71,000",,"-34,956,000","-1,048,000","0","-7,000","-3,268,000","4,000","-495,000","0","-441,000","82,000","-902,000","-347,000","-482,000","-65,000","-7,903,000","124,000","-8,071,000","0","-314,000","18,211,000","-35,337,000","-47,923,000","2,947,000","-6,352,000","307,000","547,000","1,277,000","-152,000","-136,000","-423,000","-16,000","-64,000","-199,000","426,000","-16,362,000","-48,000","363,000","-1,018,000","2,947,000","-6,521,000","-20,064,000","857,000",,
TotalUnusualItems,"92,696,000","12,356,000","9,242,000","53,708,000","17,390,000","12,489,000","-10,455,000","2,230,000","5,216,000","359,000","-20,519,000","-1,221,000","-1,323,000","25,912,000","-15,262,000",,,,,"0","0",,"-638,000","0","-71,000",,"-34,956,000","-1,048,000","0","-7,000","-3,268,000","4,000","-495,000","0","-441,000","82,000","-902,000","-347,000","-482,000","-65,000","-7,903,000","124,000","-8,071,000","0","-314,000","18,211,000","-35,337,000","-47,923,000","2,947,000","-6,352,000","307,000","547,000","1,277,000","-152,000","-136,000","-423,000","-16,000","-64,000","-199,000","426,000","-16,362,000","-48,000","363,000","-1,018,000","2,947,000","-6,521,000","-20,064,000","857,000",,
NormalizedEBITDA,"1,255,382,000","454,163,000","427,405,000","164,078,000","209,736,000","192,333,000","361,787,000","268,929,000","249,119,000","197,291,000","253,047,000","216,745,000","228,320,000","147,179,000","131,291,000","111,187,000","103,140,000","97,234,000","107,281,000","87,939,000","89,604,000","76,299,000","94,441,000","65,525,000","57,750,000","50,816,000","56,758,000","50,851,000","52,101,000","42,524,000","56,587,000","40,488,000","40,374,000","34,405,000","35,766,000","27,585,000","31,747,000","26,169,000","47,769,000","29,462,000","30,200,000","26,418,000","36,456,000","22,655,000","26,371,000","15,228,000","40,921,000","27,950,000","29,496,000","24,078,000","29,995,000","25,420,000","29,241,000","23,600,000","35,266,000","26,033,000","26,947,000","22,084,000","22,865,000","18,749,000","39,634,000","19,211,000","31,373,000","26,319,000","25,348,000","77,484,000","58,567,000","12,863,000","33,692,000","33,692,000"
TaxRateForCalcs,"0.354","0.29","0.323","0.27","0.274","0.224","0.275","0.261","0.278","0.27","0.4","0.4","0.4","0.4","0.4","0.4","0.4","0.4","0.4","0.383","0.378","0.356","0.35","0.35","0.35","0.35","0.334","0.35","0.35","0.35","0.35","0.14","0.151","0.344","0.307","0.35","0.35","0.35","0.125","0.35","0.35","0.35","0.35","0.175","0.35","0.186","0.209","0.062","0.296","0.35","0.35","0.35","0.35","0.35","0.196","0.4","0.4","0.4","0.4","0.4","0.4","0.4","0.4","0.4","0.4","0.4","0.332","0.4","0.4","0.4"
TaxEffectOfUnusualItems,"32,837,472.457","3,580,623.425","2,989,372.331","14,501,160","4,764,860","2,797,536","-2,877,590.883","582,030","1,450,048","96,930","-8,207,600","-488,400","-529,200","10,364,800","0","0","0","0","0","0","0","0","-223,300","0","-24,850","0","-11,674,436.457","-366,800","0","-2,450","-1,143,800","560.482","-74,974.018","0","-135,519.525","28,700","-315,700","-121,450","-60,298.008","-22,750","-2,766,050","43,400","-2,824,850","0","-109,900","3,379,487.148","-7,388,908.125","-2,977,649.314","873,779.35","-2,223,200","107,450","191,450","446,950","-53,200","-26,629.869","-169,200","-6,400","-25,600","-79,600","170,400","-6,544,800","-19,200","145,200","-407,200","1,178,800","-2,608,400","-6,655,530.04","342,800","0","0"