name,ttm,03/31/2020,12/31/2019,09/30/2019,06/30/2019,03/31/2019,12/31/2018,09/30/2018,06/30/2018,03/31/2018,12/31/2017,09/30/2017,06/30/2017,03/31/2017,12/31/2016,09/30/2016,06/30/2016,03/31/2016
TotalRevenue,"-10,755,000","-347,456,000","107,558,000","95,464,000","131,735,000","120,041,000","38,583,000","76,494,000","54,630,000","46,951,000","41,026,000","30,331,000","22,124,000","20,707,000","15,591,000","9,900,000","-486,000","-566,000"
	OperatingRevenue,"-10,755,000","-347,456,000","107,558,000","95,464,000","131,735,000","120,041,000","38,583,000","76,494,000","54,630,000","46,951,000","41,026,000","30,331,000","22,124,000","20,707,000","15,591,000","9,900,000","-486,000","-566,000"
OperatingExpense,"-84,065,000","-36,941,000","-32,863,000","-23,490,000","7,286,000","3,881,000","3,377,000","3,936,000","3,384,000","2,623,000","2,722,000","3,021,000","2,057,000","2,489,000","2,196,000","1,908,000","1,593,000","529,000"
	SellingGeneralAndAdministration,"20,694,000","5,549,000","4,972,000","5,752,000","4,421,000","3,881,000","3,377,000","3,936,000","3,384,000","2,623,000","2,722,000","3,021,000","2,057,000","2,489,000","2,196,000","1,908,000","1,593,000","529,000"
		GeneralAndAdministrativeExpense,"20,694,000","5,549,000","4,972,000","5,752,000","4,421,000","3,881,000","3,377,000","3,936,000","3,384,000","2,623,000","2,722,000","3,021,000","2,057,000","2,489,000","2,196,000","1,908,000","1,593,000","529,000"
	OtherOperatingExpenses,,"-42,490,000","-37,835,000","-29,242,000","2,865,000",,,,,,,,,,,,,
PretaxIncome,"73,310,000","-310,515,000","140,421,000","118,954,000","124,449,000","116,160,000","35,206,000","72,558,000","51,246,000","44,328,000","38,304,000","27,310,000","20,067,000","18,218,000","13,395,000","7,992,000","-2,079,000","-2,319,000"
TaxProvision,"2,386,000","2,075,000","230,000","302,000","-221,000","1,673,000","278,000","232,000","531,000","52,000","115,000","28,000","15,000","0",,,,"0"
NetIncomeCommonStockholders,"70,924,000","-312,590,000","140,191,000","118,652,000","124,670,000","114,487,000","34,928,000","72,326,000","50,715,000","44,276,000","38,189,000","27,282,000","20,052,000","18,218,000","13,043,000","7,992,000","-2,079,000","-2,319,000"
	NetIncome,"70,924,000","-312,590,000","140,191,000","118,652,000","124,670,000","114,487,000","34,928,000","72,326,000","50,715,000","44,276,000","38,189,000","27,282,000","20,052,000","18,218,000","13,043,000","7,992,000","-2,079,000","-2,319,000"
		NetIncomeIncludingNoncontrollingInterests,"70,924,000","-312,590,000","140,191,000","118,652,000","124,670,000","114,487,000","34,928,000","72,326,000","50,715,000","44,276,000","38,189,000","27,282,000","20,052,000","18,218,000","13,043,000","7,992,000","-2,079,000","-2,319,000"
			NetIncomeContinuousOperations,"70,924,000","-312,590,000","140,191,000","118,652,000","124,670,000","114,487,000","34,928,000","72,326,000","50,715,000","44,276,000","38,189,000","27,282,000","20,052,000","18,218,000","13,043,000","7,992,000","-2,079,000","-2,319,000"
DilutedNIAvailtoComStockholders,"70,924,000","-312,590,000","140,191,000","118,652,000","124,670,000","114,487,000","34,928,000","72,326,000","50,715,000","44,276,000","38,189,000","27,282,000","20,052,000","18,218,000","13,043,000","7,992,000","-2,079,000","-2,319,000"
BasicEPS,,"-0.79",,"0.31","0.325","0.298",,"0.31","0.217","0.19",,"0.117","0.086","0.078",,"0.034","-0.009","-0.01"
DilutedEPS,,"-0.79",,"0.31","0.325","0.298",,"0.189","0.132","0.115",,"0.071","0.052","0.047",,"0.021","-0.009","-0.01"
BasicAverageShares,,"393,441,711",,"384,846,445","383,693,244","383,693,244",,"233,646,939","233,646,939","233,646,939",,"233,646,939","233,646,939","233,646,939",,"233,646,939","233,646,939","233,646,939"
DilutedAverageShares,,"393,441,711",,"384,846,445","383,693,244","383,693,244",,"383,693,244","383,693,244","383,693,244",,"383,693,244","383,693,244","383,693,244",,"383,693,244","383,693,244","383,693,244"
NetIncomeFromContinuingAndDiscontinuedOperation,"70,924,000","-312,590,000","140,191,000","118,652,000","124,670,000","114,487,000","34,928,000","72,326,000","50,715,000","44,276,000","38,189,000","27,282,000","20,052,000","18,218,000","13,043,000","7,992,000","-2,079,000","-2,319,000"
NormalizedIncome,"70,924,000","-312,590,000","140,191,000","118,652,000","124,670,000","114,487,000","34,928,000","72,326,000","50,715,000","44,276,000","38,189,000","27,282,000","20,052,000","18,218,000","13,043,000","7,992,000","-2,079,000","-1,095,000"
InterestIncome,"743,808,000","198,393,000","193,107,000","180,944,000","171,364,000","146,439,000","120,794,000","104,868,000","79,907,000","61,289,000","52,030,000","44,272,000","31,793,000","23,151,000","16,626,000","10,685,000","628,000","0"
InterestExpense,"124,539,000","33,957,000","31,563,000","26,969,000","33,993,000","34,729,000","26,229,000","21,386,000","17,102,000","12,057,000","9,029,000","7,293,000","5,229,000","3,029,000","1,984,000","774,000",,"0"
NetInterestIncome,"619,269,000","164,436,000","161,544,000","153,975,000","137,371,000","111,710,000","94,565,000","83,482,000","62,805,000","49,232,000","43,001,000","36,979,000","26,564,000","20,122,000","14,642,000","9,911,000","628,000","0"
NetIncomeFromContinuingOperationNetMinorityInterest,"70,924,000","-312,590,000","140,191,000","118,652,000","124,670,000","114,487,000","34,928,000","72,326,000","50,715,000","44,276,000","38,189,000","27,282,000","20,052,000","18,218,000","13,043,000","7,992,000","-2,079,000","-2,319,000"
TotalUnusualItemsExcludingGoodwill,,,,,,,,,,,"0","0","0","0","0","0","0","-1,224,000"
TotalUnusualItems,,,,,,,,,,,"0","0","0","0","0","0","0","-1,224,000"
TaxRateForCalcs,"0.033","0.27","0.002","0.003","0.27","0.014","0.008","0.003","0.01","0.001","0.003","0.001","0.001","0","0.4","0.4","0","0"
TaxEffectOfUnusualItems,"0","0","0","0","0","0","0","0","0","0","0","0","0","0","0","0","0","0"