name,ttm,12/31/2019,12/31/2018,12/31/2017,12/31/2016,12/31/2015,12/31/2014,12/31/2013,12/31/2012,12/31/2011,12/31/2010,12/31/2009,12/31/2008,12/31/2007,12/31/2006,12/31/2005,12/31/2004,12/31/2003,12/31/2002,12/31/2001,12/31/2000,12/31/1999,12/31/1998,12/31/1997,12/31/1996,12/31/1995,12/31/1994,12/31/1993,12/31/1992,12/31/1991,12/31/1990,12/31/1989,12/31/1988,12/31/1987,12/31/1986,12/31/1985
TotalRevenue,"22,799,000,000","20,393,000,000","17,824,000,000","12,508,000,000","10,090,000,000","12,480,000,000","19,312,000,000","24,455,000,000","24,172,000,000","23,954,000,000","19,157,000,000","15,531,000,000","24,480,000,000","20,013,000,000","18,160,000,000","16,259,000,000","11,368,000,000","9,326,000,000","7,338,000,000","13,985,000,000","13,574,000,000","7,610,000,000","6,596,000,000","8,016,000,000","10,557,000,000","10,423,000,000","9,236,000,000","8,116,000,000","8,494,000,000","10,096,000,000","21,694,000,000","20,068,000,000","19,417,000,000","17,096,000,000","15,344,100,000","14,534,400,000"
	OperatingRevenue,"22,799,000,000","20,393,000,000","17,824,000,000","12,508,000,000","10,090,000,000","12,480,000,000","19,312,000,000","24,455,000,000","24,172,000,000","23,954,000,000","19,045,000,000","15,403,000,000","24,217,000,000","18,784,000,000","17,661,000,000","15,208,000,000","11,368,000,000","9,326,000,000","7,338,000,000","13,985,000,000","13,574,000,000","7,610,000,000","6,596,000,000","8,016,000,000","10,557,000,000","10,423,000,000","9,236,000,000","8,116,000,000","8,494,000,000","10,096,000,000","21,694,000,000","20,068,000,000","19,417,000,000","17,096,000,000","15,344,100,000","14,534,400,000"
CostOfRevenue,"15,338,000,000","13,697,000,000","10,545,000,000","9,596,000,000","9,457,000,000","10,348,000,000","11,064,000,000","12,909,000,000","12,355,000,000","7,385,000,000","6,374,000,000","5,627,000,000","7,750,000,000","7,049,000,000","6,579,000,000","5,871,000,000","4,728,000,000","4,127,000,000","3,561,000,000","9,672,000,000","9,057,000,000","5,122,000,000","4,568,000,000","5,168,000,000","7,030,000,000","7,055,000,000","6,838,000,000","6,058,000,000","6,334,000,000","7,474,000,000","18,224,000,000","16,413,000,000","15,782,000,000","13,792,000,000","12,815,700,000","11,673,700,000"
GrossProfit,"7,461,000,000","6,696,000,000","7,279,000,000","2,912,000,000","633,000,000","2,132,000,000","8,248,000,000","11,546,000,000","11,817,000,000","16,569,000,000","12,783,000,000","9,904,000,000","16,730,000,000","12,964,000,000","11,581,000,000","10,388,000,000","6,640,000,000","5,199,000,000","3,777,000,000","4,313,000,000","4,517,000,000","2,488,000,000","2,028,000,000","2,848,000,000","3,527,000,000","3,368,000,000","2,398,000,000","2,058,000,000","2,160,000,000","2,622,000,000","3,470,000,000","3,655,000,000","3,635,000,000","3,304,000,000","2,528,400,000","2,860,700,000"
OperatingExpense,"4,557,000,000","3,881,000,000","2,162,000,000","1,817,000,000","1,669,000,000","1,649,000,000","2,203,000,000","2,806,000,000","2,627,000,000","5,977,000,000","5,033,000,000","4,925,000,000","4,686,000,000","4,047,000,000","3,460,000,000","2,962,000,000","2,370,000,000","2,095,000,000","1,712,000,000","1,646,000,000","1,592,000,000","1,462,000,000","1,566,000,000","1,971,000,000","2,232,000,000","2,147,000,000","1,885,000,000","1,688,000,000","1,878,000,000","1,909,000,000","2,301,000,000","2,484,000,000","2,594,000,000","2,275,000,000","1,714,500,000","1,822,600,000"
	SellingGeneralAndAdministration,"1,002,000,000","882,000,000","1,613,000,000","1,424,000,000","1,330,000,000","1,270,000,000","1,503,000,000","1,801,000,000","1,602,000,000","1,523,000,000","1,396,000,000","1,375,000,000","1,285,000,000","1,668,000,000","1,418,000,000","1,477,000,000","1,067,000,000","918,000,000","700,000,000","675,000,000","691,000,000","645,000,000","709,000,000","1,138,000,000","1,304,000,000","1,194,000,000","988,000,000","781,000,000","991,000,000","954,000,000","1,195,000,000","1,358,000,000","1,604,000,000","1,246,000,000","759,100,000","786,300,000"
	DepreciationAmortizationDepletionIncomeStatement,,,,,,,,,,"3,591,000,000","3,153,000,000","3,117,000,000","2,710,000,000","2,379,000,000","2,042,000,000","1,485,000,000","1,303,000,000","1,177,000,000","1,012,000,000","971,000,000","901,000,000","817,000,000","857,000,000","833,000,000","928,000,000","953,000,000","897,000,000","907,000,000","887,000,000","955,000,000","1,106,000,000","1,126,000,000","990,000,000","995,000,000","906,000,000","880,200,000"
		DepreciationAndAmortizationInIncomeStatement,,,,,,,,,,,,,,"2,379,000,000","2,042,000,000","1,485,000,000","1,303,000,000","1,177,000,000","1,012,000,000","971,000,000","901,000,000","817,000,000","857,000,000","833,000,000","928,000,000","953,000,000","897,000,000","907,000,000","887,000,000","955,000,000","1,106,000,000","1,126,000,000","990,000,000","995,000,000","906,000,000","880,200,000"
	OtherTaxes,"778,000,000","707,000,000","439,000,000","311,000,000","277,000,000","343,000,000","550,000,000","749,000,000","680,000,000","605,000,000","484,000,000","433,000,000","588,000,000",,,,,,,,,,,,,,,,,,,,,"34,000,000","49,400,000","156,100,000"
	OtherOperatingExpenses,"2,777,000,000","2,292,000,000","110,000,000","82,000,000","62,000,000","36,000,000","150,000,000","256,000,000","345,000,000","258,000,000",,,"103,000,000",,,,,,,,,,,,,,,,,,,,,,,
OperatingIncome,"2,904,000,000","2,815,000,000","5,117,000,000","1,095,000,000","-1,036,000,000","483,000,000","6,045,000,000","8,740,000,000","9,190,000,000","10,592,000,000","7,750,000,000","4,979,000,000","12,044,000,000","8,917,000,000","8,121,000,000","7,426,000,000","4,270,000,000","3,104,000,000","2,065,000,000","2,667,000,000","2,925,000,000","1,026,000,000","462,000,000","877,000,000","1,295,000,000","1,221,000,000","513,000,000","370,000,000","282,000,000","713,000,000","1,169,000,000","1,171,000,000","1,041,000,000","1,029,000,000","813,900,000","1,038,100,000"
NetNonOperatingInterestIncomeExpense,"-1,147,000,000","-849,000,000","-253,000,000","-246,000,000","-186,000,000","-29,000,000","53,000,000","-12,000,000","-49,000,000","-133,000,000","-116,000,000","-140,000,000","-26,000,000",,,,,,,,,,,,,,,,,,,,,,,
	InterestIncomeNonOperating,"173,000,000","217,000,000","136,000,000","99,000,000","106,000,000","118,000,000","130,000,000","106,000,000","81,000,000","165,000,000",,,,,,,,,,,,,,,,,,,,,,,,,,
	InterestExpenseNonOperating,"1,320,000,000","1,066,000,000","389,000,000","345,000,000","292,000,000","147,000,000","77,000,000","118,000,000","130,000,000","298,000,000","116,000,000","140,000,000","26,000,000",,,,,,,,,,,,,,,,,,,,,,,
OtherIncomeExpense,"-4,522,000,000","-1,780,000,000","413,000,000","122,000,000","-623,000,000","-10,138,000,000","-4,874,000,000","554,000,000","-1,751,000,000",,"-275,000,000","-170,000,000","-647,000,000","956,000,000","300,000,000","1,102,000,000","356,000,000","23,000,000","-251,000,000","-1,130,000,000","346,000,000","-396,000,000","785,000,000","85,000,000","341,000,000","271,000,000","180,000,000","428,000,000","683,000,000","1,143,000,000","-1,803,000,000","296,000,000","516,000,000","650,000,000","684,400,000","1,109,500,000"
	GainOnSaleOfSecurity,,"233,000,000",,,,,,,,,,,,,,,,,,,,,,,,,,,,,,,,,,
	EarningsFromEquityInterest,"167,000,000","373,000,000",,,,,,,,,,,,"82,000,000","182,000,000","232,000,000","113,000,000","-9,000,000","-261,000,000",,,,,,,,,,,,,,,,,
	SpecialIncomeCharges,"-4,337,000,000","-2,386,000,000","413,000,000","122,000,000","-623,000,000","-10,138,000,000","-4,874,000,000","554,000,000","-1,751,000,000","0","-275,000,000","-170,000,000","-647,000,000","874,000,000","118,000,000","870,000,000","243,000,000","32,000,000","10,000,000","-1,130,000,000","346,000,000","-396,000,000","785,000,000","85,000,000","341,000,000","271,000,000","180,000,000","428,000,000","683,000,000","1,143,000,000","-1,803,000,000","296,000,000","516,000,000","650,000,000","684,400,000","1,109,500,000"
		RestructuringAndMergernAcquisition,"1,795,000,000","1,647,000,000",,,,,,,,,,,,,,,,,,,,,,,,,,,,,,,,,,
		ImpairmentOfCapitalAssets,"3,164,000,000","1,361,000,000","561,000,000","545,000,000","825,000,000","10,239,000,000","7,379,000,000","621,000,000","1,751,000,000","0","275,000,000","170,000,000","647,000,000",,,,,,,,,,,,,,,,,,,,,,,
		GainOnSaleOfBusiness,"622,000,000","622,000,000","974,000,000","667,000,000","202,000,000","101,000,000","2,505,000,000","1,175,000,000",,,,,,,,,,,,,,,,,,,,,,,,,,,,
		GainOnSaleOfPPE,,"622,000,000",,,,,,,,,,,,,,,,,,,,,,,,,,,,,,,,,,
PretaxIncome,"-2,765,000,000","186,000,000","5,277,000,000","971,000,000","-1,845,000,000","-9,684,000,000","1,224,000,000","9,282,000,000","7,390,000,000","10,459,000,000","7,359,000,000","4,669,000,000","11,371,000,000","8,578,000,000","7,830,000,000","7,133,000,000","4,155,000,000","2,893,000,000","1,585,000,000","1,749,000,000","3,011,000,000","1,199,000,000","688,000,000","528,000,000","1,152,000,000","913,000,000","107,000,000","217,000,000","321,000,000","980,000,000","-1,623,000,000","475,000,000","574,000,000","747,000,000","528,300,000","1,576,600,000"
TaxProvision,"386,000,000","693,000,000","1,477,000,000","17,000,000","-662,000,000","-1,330,000,000","1,685,000,000","3,755,000,000","3,118,000,000","4,201,000,000","2,995,000,000","1,918,000,000","4,629,000,000","3,507,000,000","3,466,000,000","2,020,000,000","1,708,000,000","1,227,000,000","422,000,000","563,000,000","1,442,000,000","631,000,000","363,000,000","311,000,000","454,000,000","402,000,000","143,000,000","143,000,000","195,000,000","601,000,000","65,000,000","219,000,000","261,000,000","563,000,000","356,200,000","1,121,600,000"
EarningsFromEquityInterestNetOfTax,,,"331,000,000","357,000,000","181,000,000","208,000,000","331,000,000","395,000,000","363,000,000","382,000,000","277,000,000","227,000,000","213,000,000",,,,,,,,,,,,,,,,,,,,,,,
NetIncomeCommonStockholders,"-3,845,000,000","-985,000,000","4,114,000,000","1,311,000,000","-574,000,000","-7,829,000,000","616,000,000","5,890,000,000","4,590,000,000","6,771,000,000","4,530,000,000","2,915,000,000","6,857,000,000","5,400,000,000","4,182,000,000","5,281,000,000","2,568,000,000","1,527,000,000","989,000,000","1,154,000,000","1,570,000,000","441,000,000","346,000,000","-483,100,000","575,000,000","418,000,000","-112,000,000","245,000,000","-594,000,000","453,000,000","-1,695,000,000","249,000,000","313,000,000","157,000,000","98,200,000","233,300,000"
	NetIncome,"-3,311,000,000","-667,000,000","4,131,000,000","1,311,000,000","-574,000,000","-7,829,000,000","616,000,000","5,903,000,000","4,598,000,000","6,771,000,000","4,530,000,000","2,915,000,000","6,857,000,000","5,400,000,000","4,182,000,000","5,281,000,000","2,568,000,000","1,527,000,000","989,000,000","1,154,000,000","1,570,000,000","448,000,000","363,000,000","-390,100,000","668,000,000","511,000,000","-36,000,000","283,000,000","-591,000,000","460,000,000","-1,688,000,000","256,000,000","313,000,000","184,000,000","172,100,000","455,000,000"
		NetIncomeIncludingNoncontrollingInterests,"-3,166,000,000","-522,000,000","4,131,000,000","1,311,000,000","-574,000,000","-7,829,000,000","630,000,000","5,903,000,000","4,598,000,000","6,771,000,000","4,602,000,000","2,966,000,000","6,857,000,000","5,475,000,000","4,293,000,000","5,354,000,000","2,643,000,000","1,589,000,000","1,066,000,000","1,297,000,000","1,755,000,000","506,000,000","363,000,000","-390,100,000","668,000,000","511,000,000","-34,000,000","284,000,000","-587,000,000","466,000,000","-1,659,000,000","282,000,000","313,000,000","184,000,000","172,100,000","455,000,000"
			NetIncomeContinuousOperations,"-3,151,000,000","-507,000,000","4,131,000,000","1,311,000,000","-1,002,000,000","-8,146,000,000","-130,000,000","5,922,000,000","4,635,000,000","6,640,000,000","4,641,000,000","2,978,000,000","6,839,000,000","5,078,000,000","4,435,000,000","5,272,000,000","2,606,000,000","1,595,000,000","1,163,000,000","1,186,000,000","1,569,000,000","568,000,000","325,000,000","217,000,000","698,000,000","511,000,000","-36,000,000","74,000,000","126,000,000","379,000,000","-1,688,000,000","256,000,000","313,000,000","184,000,000","172,100,000","455,000,000"
			NetIncomeDiscontinuousOperations,,"-15,000,000","0","0","428,000,000","317,000,000","760,000,000","-19,000,000","-37,000,000","131,000,000","-39,000,000","-12,000,000","18,000,000","322,000,000","-253,000,000","6,000,000","-38,000,000",,"-79,000,000",,,,"38,000,000","-607,100,000",,,,"221,000,000","-622,000,000","-62,000,000",,,,,,
			NetIncomeExtraordinary,,,,,,,,,,,,,,,,"3,000,000",,"-68,000,000","-95,000,000","-24,000,000",,"-13,000,000",,,,,,,,,,,,,,
			NetIncomeFromTaxLossCarryforward,,,,,,,,,,,,,,,,,,,,"-8,000,000","1,000,000","-107,000,000",,,"-30,000,000",,,"-12,000,000","-95,000,000","143,000,000",,,,,,
		MinorityInterests,,"-145,000,000",,,"0","0","-14,000,000",,"0","0","-72,000,000","-51,000,000",,"-75,000,000","-111,000,000","-73,000,000","-75,000,000","-62,000,000","-77,000,000","-143,000,000","-185,000,000","-58,000,000",,,,,"-2,000,000","-1,000,000","-4,000,000","-6,000,000","-29,000,000","-26,000,000",,,,
	PreferredStockDividends,,"318,000,000",,,,,,,,,,,,,,,,,,,,"7,000,000","17,000,000","93,000,000","93,000,000","93,000,000","76,000,000","38,000,000","3,000,000","7,000,000","7,000,000","7,000,000",,"27,000,000","73,900,000","221,700,000"
	OtherunderPreferredStockDividend,,"0","17,000,000",,"0",,"0","13,000,000","8,000,000",,,,,,,,,,,,,,,,,,,,,,,,,,,
DilutedNIAvailtoComStockholders,"-3,845,000,000","-985,000,000","4,114,000,000","1,311,000,000","-574,000,000","-7,829,000,000","616,000,000","5,890,000,000","4,590,000,000","6,771,000,000","4,530,000,000","2,915,000,000","6,857,000,000","5,400,000,000","4,182,000,000","5,281,000,000","2,568,000,000","1,527,000,000","989,000,000","1,154,000,000","1,570,000,000","441,000,000","346,000,000","-483,100,000","575,000,000","418,000,000","-112,000,000","245,000,000","-594,000,000","453,000,000","-1,695,000,000","249,000,000","313,000,000","157,000,000","98,200,000","233,300,000"
BasicEPS,,"-1.22","5.4","1.71","-0.75","-10.23","0.79","7.33","5.67","8.32","5.57","3.59","8.39","6.47","4.9","6.545","3.245","1.99","1.315","1.55","2.13","0.62","0.495","-0.715","0.885","0.655","-0.18","0.38","-0.985","0.76","-2.9","0.46","0.63","0.39","0.33","1.1"
DilutedEPS,,"-1.22","5.39","1.7","-0.75","-10.23","0.79","7.32","5.67","8.32","5.56","3.58","8.35","6.44","4.86","6.455","3.2","1.965","1.305","1.545","2.13","0.62","0.495","-0.715","0.865","0.65","-0.18","0.38","-0.985","0.76","-2.9","0.46","0.63","0.39","0.33","1.1"
BasicAverageShares,,"809,500,000","761,700,000","765,100,000","763,800,000","765,600,000","781,100,000","804,100,000","809,300,000","812,100,000","812,500,000","811,300,000","817,600,000","834,621,329","853,469,388","806,875,477","791,371,341","767,336,683","752,091,255","744,516,129","737,089,202","710,800,000","698,989,899","675,664,336","649,717,514","638,167,939","622,222,222","644,736,842","603,045,685","596,052,632","584,482,759","541,304,348","496,825,397","402,564,103","297,575,758","212,090,909"
DilutedAverageShares,,"809,500,000","763,300,000","765,900,000","763,800,000","765,600,000","781,100,000","804,600,000","810,000,000","812,100,000","813,800,000","813,800,000","820,800,000","838,509,317","860,493,827","818,125,484","802,500,000","777,099,237","757,854,406","746,925,566","737,089,202","711,000,000","698,989,899","675,664,336","664,739,884","643,076,923","622,222,222","644,736,842","603,045,685","596,052,632","584,482,759","541,304,348","496,825,397","402,564,103","297,575,758","212,090,909"
TotalExpenses,"19,895,000,000","17,578,000,000","12,707,000,000","11,413,000,000","11,126,000,000","11,997,000,000","13,267,000,000","15,715,000,000","14,982,000,000","13,362,000,000","11,407,000,000","10,552,000,000","12,436,000,000","11,096,000,000","10,039,000,000","8,833,000,000","7,098,000,000","6,222,000,000","5,273,000,000","11,318,000,000","10,649,000,000","6,584,000,000","6,134,000,000","7,139,000,000","9,262,000,000","9,202,000,000","8,723,000,000","7,746,000,000","8,212,000,000","9,383,000,000","20,525,000,000","18,897,000,000","18,376,000,000","16,067,000,000","14,530,200,000","13,496,300,000"
InterestIncome,"173,000,000","217,000,000","136,000,000","99,000,000","106,000,000","118,000,000","130,000,000","106,000,000","81,000,000","165,000,000",,,,,,,,,,,,,,,,,,,,,,,,,,
InterestExpense,"1,320,000,000","1,066,000,000","389,000,000","345,000,000","292,000,000","147,000,000","77,000,000","118,000,000","130,000,000","298,000,000","116,000,000","140,000,000","26,000,000",,,,,,,,,,,,,,,,,,,,,,,
NetInterestIncome,"-1,147,000,000","-849,000,000","-253,000,000","-246,000,000","-186,000,000","-29,000,000","53,000,000","-12,000,000","-49,000,000","-133,000,000","-116,000,000","-140,000,000","-26,000,000",,,,,,,,,,,,,,,,,,,,,,,
NetIncomeFromContinuingAndDiscontinuedOperation,"-3,311,000,000","-667,000,000","4,131,000,000","1,311,000,000","-574,000,000","-7,829,000,000","616,000,000","5,903,000,000","4,598,000,000","6,771,000,000","4,530,000,000","2,915,000,000","6,857,000,000","5,400,000,000","4,182,000,000","5,278,000,000","2,568,000,000","1,595,000,000","1,084,000,000","1,186,000,000","1,569,000,000","568,000,000","363,000,000","-390,100,000","698,000,000","511,000,000","-36,000,000","295,000,000","-496,000,000","317,000,000","-1,688,000,000","256,000,000","313,000,000","184,000,000","172,100,000","455,000,000"
NormalizedIncome,"-129,990,000","919,690,000","3,825,380,000","1,190,220,000","-628,200,000","572,680,000","3,024,100,000","5,584,060,000","5,685,600,000","6,640,000,000","4,747,750,000","3,037,500,000","7,259,550,000","4,509,900,000","4,364,200,000","4,648,375,998.878","2,460,200,000","1,575,800,000","1,155,662,460.568","1,952,255,002.859","1,361,400,000","805,600,000","-146,000,000","166,000,000","491,387,152.778","348,400,000","-144,000,000","-182,800,000","-283,800,000","-306,800,000","-606,200,000","78,400,000","3,400,000","-206,000,000","-238,540,000","-210,700,000"
EBIT,"-1,445,000,000","1,252,000,000","5,666,000,000","1,316,000,000","-1,553,000,000","-9,537,000,000","1,301,000,000","9,400,000,000","7,520,000,000","10,757,000,000","7,475,000,000","4,809,000,000","11,397,000,000","8,917,000,000","8,121,000,000","7,426,000,000","4,270,000,000","3,104,000,000","2,065,000,000","2,667,000,000","2,925,000,000","1,026,000,000","462,000,000","877,000,000","1,295,000,000","1,221,000,000","513,000,000","370,000,000","282,000,000","713,000,000","1,169,000,000","1,171,000,000","1,041,000,000","1,029,000,000","813,900,000","1,038,100,000"
EBITDA,"5,805,000,000"
ReconciledCostOfRevenue,"15,338,000,000","13,697,000,000","10,545,000,000","9,596,000,000","9,457,000,000","10,348,000,000","11,064,000,000","12,909,000,000","12,355,000,000","7,385,000,000","6,374,000,000","5,627,000,000","7,750,000,000","7,049,000,000","6,579,000,000","5,871,000,000","4,709,000,000","4,121,000,000","3,554,000,000","9,667,000,000","9,050,000,000","5,122,000,000","4,568,000,000","5,168,000,000","7,030,000,000","7,055,000,000","6,838,000,000","6,058,000,000","6,334,000,000","7,474,000,000","18,224,000,000","16,413,000,000","15,782,000,000","13,792,000,000","12,815,700,000","11,673,700,000"
ReconciledDepreciation,"7,250,000,000","5,981,000,000","3,977,000,000","4,002,000,000","4,268,000,000","4,544,000,000","4,261,000,000","5,347,000,000","4,511,000,000","3,591,000,000","3,153,000,000","3,117,000,000","2,710,000,000","2,379,000,000","2,042,000,000","1,485,000,000","1,322,000,000","1,183,000,000","1,019,000,000","976,000,000","908,000,000","817,000,000","857,000,000","833,000,000","928,000,000","953,000,000","897,000,000","907,000,000","887,000,000","955,000,000","1,106,000,000","1,126,000,000","990,000,000","995,000,000","906,000,000","880,200,000"
NetIncomeFromContinuingOperationNetMinorityInterest,"-3,296,000,000","-652,000,000","4,131,000,000","1,311,000,000","-1,002,000,000","-8,146,000,000","-144,000,000","5,922,000,000","4,635,000,000","6,640,000,000","4,569,000,000","2,927,000,000","6,839,000,000","5,078,000,000","4,435,000,000","5,272,000,000","2,606,000,000","1,595,000,000","1,163,000,000","1,186,000,000","1,569,000,000","568,000,000","325,000,000","217,000,000","698,000,000","511,000,000","-36,000,000","74,000,000","126,000,000","379,000,000","-1,688,000,000","256,000,000","313,000,000","184,000,000","172,100,000","455,000,000"
TotalUnusualItemsExcludingGoodwill,"-4,337,000,000","-2,153,000,000","413,000,000","122,000,000","-623,000,000","-10,138,000,000","-4,874,000,000","554,000,000","-1,751,000,000","0","-275,000,000","-170,000,000","-647,000,000","874,000,000","118,000,000","870,000,000","243,000,000","32,000,000","10,000,000","-1,130,000,000","346,000,000","-396,000,000","785,000,000","85,000,000","341,000,000","271,000,000","180,000,000","428,000,000","683,000,000","1,143,000,000","-1,803,000,000","296,000,000","516,000,000","650,000,000","684,400,000","1,109,500,000"
TotalUnusualItems,"-4,337,000,000","-2,153,000,000","413,000,000","122,000,000","-623,000,000","-10,138,000,000","-4,874,000,000","554,000,000","-1,751,000,000","0","-275,000,000","-170,000,000","-647,000,000","874,000,000","118,000,000","870,000,000","243,000,000","32,000,000","10,000,000","-1,130,000,000","346,000,000","-396,000,000","785,000,000","85,000,000","341,000,000","271,000,000","180,000,000","428,000,000","683,000,000","1,143,000,000","-1,803,000,000","296,000,000","516,000,000","650,000,000","684,400,000","1,109,500,000"
NormalizedEBITDA,"10,142,000,000","9,386,000,000","9,230,000,000","5,196,000,000","3,338,000,000","5,145,000,000","10,436,000,000","14,193,000,000","13,782,000,000","14,348,000,000","10,903,000,000","8,096,000,000","14,754,000,000","10,422,000,000","10,045,000,000","8,041,000,000","5,349,000,000","4,255,000,000","3,074,000,000","4,773,000,000","3,487,000,000","2,239,000,000","534,000,000","1,625,000,000","1,882,000,000","1,903,000,000","1,230,000,000","849,000,000","486,000,000","525,000,000","4,078,000,000","2,001,000,000","1,515,000,000","1,374,000,000","1,035,500,000","808,800,000"
TaxRateForCalcs,"0.27","0.27","0.26","0.01","0.4","0.14","0.35","0.39","0.4","0.4","0.35","0.35","0.35","0.35","0.4","0.283","0.4","0.4","0.266","0.322","0.4","0.4","0.4","0.4","0.394","0.4","0.4","0.4","0.4","0.4","0.4","0.4","0.4","0.4","0.4","0.4"
TaxEffectOfUnusualItems,"-1,170,990,000","-581,310,000","107,380,000","1,220,000","-249,200,000","-1,419,320,000","-1,705,900,000","216,060,000","-700,400,000","0","-96,250,000","-59,500,000","-226,450,000","305,900,000","47,200,000","246,375,998.878","97,200,000","12,800,000","2,662,460.568","-363,744,997.141","138,400,000","-158,400,000","314,000,000","34,000,000","134,387,152.778","108,400,000","72,000,000","171,200,000","273,200,000","457,200,000","-721,200,000","118,400,000","206,400,000","260,000,000","273,760,000","443,800,000"