name,ttm,12/31/2019,12/31/2018,12/31/2017,12/31/2016,12/31/2015,12/31/2014,12/31/2013,12/31/2012,12/31/2011,12/31/2010,12/31/2009,12/31/2008,12/31/2007,12/31/2006,12/31/2005,12/31/2004,12/31/2003,12/31/2002,12/31/2001,12/31/2000,12/31/1999
TotalRevenue,"1,119,631,000","1,130,421,000","1,178,980,000","1,094,312,000","1,082,683,000","925,902,000","736,294,000","324,410,000","291,478,000","294,067,000","298,985,000","254,964,000","243,759,000","298,029,000","258,423,000","174,325,000","142,644,000","119,690,000","82,431,000","37,040,000","23,372,000","2,822,000"
	NetInterestIncome,"1,009,500,000","1,014,629,000","1,040,914,000","979,571,000","961,291,000","823,346,000","662,377,000","297,713,000","276,467,000","262,641,000","249,327,000","216,046,000","219,332,000","265,115,000","241,957,000","160,435,000","125,730,000","100,234,000","69,814,000","31,863,000","20,907,000","17,717,000"
		InterestIncome,"1,206,666,000","1,219,893,000","1,161,670,000","1,052,516,000","1,015,912,000","883,938,000","704,775,000","309,914,000","296,115,000","295,284,000","290,284,000","269,874,000","287,828,000","350,981,000","301,597,000","183,352,000","140,147,000","112,881,000","83,903,000","43,114,000","28,831,000","23,405,000"
			InterestIncomeFromLoansAndLease,"1,085,894,000","1,097,845,000","1,047,969,000","952,771,000","924,294,000","819,094,000","657,097,000","272,726,000","260,230,000","260,143,000","265,136,000","258,499,000","280,408,000","343,617,000","292,069,000","174,202,000","130,175,000","101,879,000","74,617,000","33,052,000","23,980,000",
				InterestIncomeFromLoans,,,,,,,,,,"260,143,000","265,136,000","258,499,000","280,408,000","343,617,000","292,069,000","174,202,000","130,175,000","101,879,000","74,617,000","33,052,000","23,980,000",
			InterestIncomeFromSecurities,"113,335,000","115,569,000","111,619,000","98,202,000","90,557,000","64,368,000","47,345,000","36,923,000","35,657,000","34,785,000","24,564,000","10,969,000","7,077,000","5,364,000","9,200,000","7,900,000","9,584,000","10,272,000","8,300,000","6,335,000","2,957,000","353,000"
			InterestIncomeFromDeposits,"7,437,000","6,479,000","2,082,000","1,543,000","1,061,000","476,000","333,000","265,000","228,000","356,000","584,000","406,000","182,000","21,000","31,000","5,000","34,000","12,000","55,000","14,000","257,000",
			InterestIncomeFromFederalFundsSoldAndSecuritiesPurchaseUnderAgreementsToResell,,,,,,,,,,,"0","0","161,000","1,979,000","297,000","1,245,000","354,000","718,000","931,000","3,713,000","1,637,000",
			OtherInterestIncome,,,,,,,,,,,,,,,,,,,,,,"23,052,000"
		InterestExpense,"197,166,000","205,264,000","120,756,000","72,945,000","54,621,000","60,592,000","42,398,000","12,201,000","19,648,000","32,643,000","40,957,000","53,828,000","68,496,000","85,866,000","59,640,000","22,917,000","14,417,000","12,647,000","14,089,000","11,251,000","7,924,000","5,688,000"
			InterestExpenseForDeposit,"142,472,000","148,460,000","80,140,000","45,694,000","31,512,000","41,503,000","27,332,000","7,868,000","13,271,000","20,649,000","26,237,000","31,916,000","41,157,000","56,471,000","33,219,000","11,087,000","7,124,000","9,579,000","11,463,000","9,860,000","7,551,000",
			InterestExpenseForShortTermDebt,,,,,,,,,,,,,,,,"3,350,000","1,144,000","156,000","171,000","429,000",,
			InterestExpenseForLongTermDebtAndCapitalSecurities,"54,694,000","56,804,000","40,616,000","27,251,000","23,109,000","19,089,000","15,066,000","4,333,000","6,377,000","11,994,000","14,720,000","21,912,000","27,339,000","29,395,000","26,421,000","8,480,000","6,149,000","2,912,000","2,455,000","962,000","373,000",
			OtherInterestExpense,,,,,,,,,,,,"94,826,000",,,,,,,,,,
	NonInterestIncome,"110,131,000","115,792,000","138,066,000","114,741,000","121,392,000","102,556,000","73,917,000","26,697,000","15,011,000","31,426,000","49,658,000","38,918,000","24,427,000","32,914,000","16,466,000","13,890,000","16,914,000","19,456,000","12,617,000","5,177,000","2,465,000","-14,895,000"
		TotalPremiumsEarned,,,,,,,,"1,164,000","1,264,000","1,443,000","1,440,000","1,579,000",,,,,,,,,,
		FeesAndCommissions,"25,434,000","31,490,000","51,483,000","42,897,000","61,660,000","43,274,000","29,835,000","20,181,000","20,978,000","21,445,000","18,852,000","18,959,000","20,291,000","18,592,000","15,255,000","10,659,000","11,988,000","12,985,000","8,651,000","3,074,000","1,637,000",
			FeesandCommissionIncome,"55,901,000","58,260,000","62,052,000","56,729,000","61,660,000","43,274,000","29,835,000","20,181,000","20,978,000","21,445,000","18,852,000","18,959,000","20,291,000","18,592,000","15,255,000","10,659,000","11,988,000","12,985,000","8,651,000","3,074,000","1,637,000",
				ServiceChargeOnDepositorAccounts,"13,565,000","14,637,000","16,509,000","15,307,000","14,534,000","11,688,000","11,233,000","11,765,000","12,852,000","13,829,000","11,561,000","12,008,000","13,014,000","11,573,000","8,835,000","6,367,000","8,298,000","8,994,000","6,080,000","2,560,000","1,185,000",
				OtherCustomerServices,"42,336,000","43,623,000","45,543,000","41,422,000","47,126,000","31,586,000","18,602,000","8,416,000","8,126,000","7,616,000","7,291,000","6,951,000","7,277,000","7,019,000","6,420,000","4,292,000","3,690,000","3,991,000","2,571,000","514,000","452,000",
			FeesandCommissionExpense,"30,467,000","26,770,000","10,569,000","13,832,000",,,,,,,,,,,,,,,,,,
		GainLossonSaleofAssets,"22,388,000","26,559,000","12,851,000","5,656,000","10,394,000","4,117,000","5,442,000","3,431,000","-8,040,000",,"0","0","-222,000","8,438,000","-2,332,000","551,000","1,798,000","2,669,000","1,293,000","444,000","314,000",
			GainOnSaleOfSecurity,"21,187,000","25,445,000","8,176,000","-541,000","9,485,000","3,744,000","4,841,000","137,000","124,000",,,"0","81,000",,"-2,332,000","-45,000","-6,000","1,756,000","1,608,000",,,
			GainonSaleofLoans,"1,201,000","1,114,000","4,675,000","6,197,000","909,000","373,000","601,000","1,791,000","2,767,000",,"0","0",,,,,,,,,,
			GainonSaleofInvestmentProperty,,,,,,,,"1,503,000","-10,931,000",,,,"-303,000","8,438,000",,"596,000","1,804,000","913,000","-315,000","444,000","314,000",
		OtherNonInterestIncome,"62,605,000","57,743,000","73,732,000","66,188,000","49,338,000","55,165,000","38,640,000","1,921,000","809,000","8,538,000","29,366,000","18,380,000","4,358,000","5,884,000","3,543,000","2,680,000","3,128,000","3,802,000","2,673,000","1,659,000","514,000","-14,895,000"
CreditLossesProvision,"-130,000,000","-22,000,000","-45,000,000","-57,752,000","-65,729,000","-45,481,000","-11,499,000","4,210,000","12,819,000","-26,570,000","-218,038,000","-159,900,000","-45,800,000","-3,000,000","-9,600,000","-1,420,000","-465,000","-300,000",,"-639,000","-520,000","-518,000"
NonInterestExpense,"463,736,000","475,132,000","498,893,000","462,094,000","458,818,000","379,038,000","339,458,000","229,970,000","184,114,000","179,393,000","188,803,000","177,989,000","143,976,000","140,528,000","119,633,000","87,414,000","81,520,000","65,639,000","54,302,000","25,915,000","18,145,000","12,073,000"
	OccupancyAndEquipment,"57,294,000","57,407,000","53,223,000","48,863,000","48,911,000","44,144,000","40,606,000","29,459,000","28,113,000","28,685,000","27,639,000","26,383,000","24,531,000","24,085,000","19,330,000","13,463,000","10,458,000","9,411,000","9,405,000","4,803,000","2,455,000",
		NetOccupancyExpense,"57,294,000","57,407,000","53,223,000","48,863,000","48,911,000","44,144,000","40,606,000","29,459,000","28,113,000","28,685,000","27,639,000","21,807,000",,,,,,,,,,
		Equipment,,,,,,,,,,,,"4,576,000",,,,,,,,,,
	ProfessionalExpenseAndContractServicesExpense,"17,548,000","17,803,000","21,952,000","17,353,000","16,478,000","13,760,000","11,234,000","9,481,000","8,367,000",,,"0",,,,,,,,,,
	SellingGeneralAndAdministration,"319,999,000","329,822,000","330,498,000","312,875,000","303,550,000","257,773,000","222,754,000","151,252,000","121,964,000","114,932,000","117,602,000","90,410,000","72,185,000","71,440,000","65,505,000","48,623,000","45,220,000","32,407,000","26,740,000","13,775,000","7,108,000","5,623,000"
		GeneralAndAdministrativeExpense,"319,999,000","329,822,000","330,498,000","312,875,000","303,550,000","257,773,000","222,754,000","151,252,000","121,964,000","114,932,000","117,602,000","90,410,000","72,185,000","71,440,000","65,505,000","48,623,000","45,220,000","32,407,000","26,740,000","13,285,000","6,673,000","5,623,000"
			SalariesAndWages,"276,299,000","285,862,000","282,568,000","266,567,000","251,913,000","203,914,000","165,499,000","107,067,000","94,967,000","86,800,000","87,483,000","78,173,000","72,185,000","71,440,000","65,505,000","48,623,000","45,220,000","32,407,000","26,740,000","13,285,000","6,673,000","5,623,000"
			InsuranceAndClaims,"16,615,000","16,404,000","20,705,000","19,733,000","27,281,000","35,242,000","42,637,000","31,768,000","15,354,000","7,171,000","9,685,000","9,305,000",,,,,,,,,,
			OtherGandA,"27,085,000","27,556,000","27,225,000","26,575,000","24,356,000","18,617,000","14,618,000","12,417,000","11,643,000","20,961,000","20,434,000","2,932,000",,,,,,,,,,
		SellingAndMarketingExpense,,,,,,,,,,,,,,,,,,,,"490,000","435,000",
	DepreciationAmortizationDepletionIncomeStatement,"43,374,000","42,742,000","43,877,000","35,007,000","37,416,000","23,013,000","15,427,000","5,402,000","6,326,000","8,428,000","9,642,000","9,547,000",,,,,,,,,,
		DepreciationAndAmortizationInIncomeStatement,"43,374,000","42,742,000","43,877,000","35,007,000","37,416,000","23,013,000","15,427,000","5,402,000","6,326,000","8,428,000","9,642,000","9,547,000",,,,,,,,,,
			DepreciationIncomeStatement,"25,570,000","24,016,000","21,371,000","20,767,000","20,899,000","13,603,000","9,159,000",,,,,,,,,,,,,,,
			Amortization,"17,804,000","18,726,000","22,506,000","14,240,000","16,517,000","9,410,000","6,268,000","5,402,000","6,326,000","8,428,000","9,642,000","9,547,000",,,,,,,,,,
				AmortizationOfIntangiblesIncomeStatement,"17,804,000","18,726,000","22,506,000","14,240,000","16,517,000","9,410,000","6,268,000","5,402,000","6,326,000","8,428,000","9,642,000","9,547,000",,,,,,,,,,
	OtherNonInterestExpense,"25,521,000","27,358,000","49,343,000","47,996,000","52,463,000","40,348,000","49,437,000","34,376,000","19,344,000","27,348,000","33,920,000","51,649,000","47,260,000","45,003,000","34,798,000","25,328,000","25,842,000","23,821,000","18,157,000","7,337,000","8,582,000","6,450,000"
SpecialIncomeCharges,"-1,469,731,000","-349,000","-1,770,000","-19,735,000","-200,000","-21,247,000","-101,016,000","-23,170,000","-26,687,000","-600,000","-874,000","65,774,000","-761,959,000","-1,731,000","-1,822,000",,,,,,,
	GainOnSaleOfBusiness,,,,,,,,,,"0","0","66,989,000",,,,,,,,,,
	RestructuringAndMergernAcquisition,"-269,000","349,000","1,770,000","19,735,000","200,000","21,247,000","101,016,000","23,170,000","4,089,000","600,000",,"1,215,000","258,000","1,731,000","1,822,000",,,,,,,
	ImpairmentOfCapitalAssets,,,,,,,,,,"0","874,000",,,,,,,,,,,
	WriteOff,,,,,,,,,,,"0","0",,,,,,,,,,
	LossonExtinguishmentofDebt,,,,,,,"0","0","22,598,000",,,,,,,,,,,,,
	OtherSpecialCharges,,,,,,,,,,,,,"761,701,000",,,,,,,,,
OtherNonOperatingIncomeExpenses,,,,,,,,,,,"874,000","-66,989,000",,,,,,,,,,
PretaxIncome,"-943,836,000","632,940,000","633,317,000","554,731,000","557,936,000","480,136,000","284,321,000","75,480,000","93,496,000","87,504,000","-108,730,000","-17,151,000","-707,976,000","152,770,000","127,368,000","85,491,000","60,659,000","53,751,000","28,129,000","10,486,000","4,707,000","7,430,000"
TaxProvision,"133,243,000","164,304,000","167,978,000","196,913,000","205,770,000","180,517,000","113,853,000","30,003,000","36,695,000","36,800,000","-46,714,000","-7,801,000","20,089,000","62,444,000","51,512,000","35,125,000","24,296,000","21,696,000","11,217,000","4,376,000","2,803,000","3,166,000"
NetIncomeCommonStockholders,"-1,082,037,000","463,454,000","460,220,000","353,634,000","348,178,000","296,727,000","166,964,000","44,033,000","54,956,000","50,704,000","-62,016,000","-9,595,000","-728,065,000","90,326,000","75,998,000","50,366,000","36,363,000","32,055,000","16,912,000","6,110,000","1,904,000","4,264,000"
	NetIncome,"-1,077,079,000","468,636,000","465,339,000","357,818,000","352,166,000","299,619,000","168,905,000","45,115,000","56,801,000","50,704,000","-62,016,000","-9,350,000","-728,065,000","90,326,000","75,998,000","50,366,000","36,363,000","32,055,000","16,912,000","6,110,000","1,904,000","4,264,000"
		NetIncomeIncludingNoncontrollingInterests,"-1,077,079,000","468,636,000","465,339,000","357,818,000","352,166,000","299,619,000","168,905,000","45,115,000","56,801,000","50,704,000","-62,016,000","-9,350,000","-728,065,000","90,326,000","75,998,000","50,366,000","36,363,000","32,055,000","16,912,000","6,110,000","1,904,000","4,264,000"
			NetIncomeContinuousOperations,"-1,077,079,000","468,636,000","465,339,000","357,818,000","352,166,000","299,619,000","170,468,000","45,477,000","56,801,000","50,704,000","-62,016,000","-9,350,000","-728,065,000","90,326,000","75,856,000","50,366,000","36,363,000","32,055,000","16,912,000","6,110,000","1,904,000","4,264,000"
			NetIncomeDiscontinuousOperations,,,,,"0","0","-1,563,000","-362,000",,,,,,,,,,,,,,
			NetIncomeExtraordinary,,,,,,,,,,,,,,,"142,000",,,,,,,
DilutedNIAvailtoComStockholders,"-1,082,037,000","463,454,000","460,220,000","353,634,000","348,178,000","296,727,000","166,964,000","44,033,000","54,956,000","50,704,000","-62,016,000","-9,595,000","-728,065,000","90,326,000","75,998,000","50,366,000","36,363,000","32,055,000","16,912,000","6,110,000","1,904,000","4,264,000"
BasicEPS,,"3.9","3.72","2.91","2.9","2.79","1.92","1.08","1.54","1.37","-1.77","-0.3","-26.79","3.16","3.23","3.05","2.34","2.08","1.64","1.3","0.49","1.1"
DilutedEPS,,"3.9","3.72","2.91","2.9","2.79","1.92","1.08","1.54","1.37","-1.77","-0.3","-26.79","3.15","3.21","2.98","2.27","2.02","1.58","1.23","0.47","1.05"
BasicAverageShares,,"118,966,000","123,640,000","121,613,000","120,239,000","106,327,000","86,853,000","40,823,000","35,684,100","35,490,800","35,037,288","35,015,322","27,177,000","28,584,177","23,528,793","16,513,443","15,539,744","15,411,058","8,628,000","4,700,000","3,885,714","3,876,364"
DilutedAverageShares,,"118,966,000","123,640,000","121,613,000","120,239,000","106,327,000","86,853,000","40,823,000","35,684,100","35,490,800","35,037,288","35,015,322","27,177,000","28,674,921","23,675,389","16,901,342","16,018,943","15,868,812","8,983,100","4,967,480","4,051,064","4,060,952"
InterestIncomeAfterProvisionForLoanLoss,"879,500,000","992,629,000","995,914,000","921,819,000","895,562,000","777,865,000","650,878,000","301,923,000","289,286,000","236,071,000","31,289,000","56,146,000","173,532,000","262,115,000","232,357,000","159,015,000","125,265,000","99,934,000","69,814,000","31,224,000","20,387,000","17,199,000"
NetIncomeFromContinuingAndDiscontinuedOperation,"-1,077,079,000","468,636,000","465,339,000","357,818,000","352,166,000","299,619,000","168,905,000","45,115,000","56,801,000","50,704,000","-62,016,000","-9,350,000","-728,065,000","90,326,000","75,856,000","50,366,000","36,363,000","32,055,000","16,912,000","6,110,000","1,904,000","4,264,000"
NormalizedIncome,"-195,240,400","468,894,260","466,639,950","370,547,075","352,292,200","312,877,128","231,077,600","58,542,201","79,672,744","51,094,000","-61,447,900","-52,103,100","-232,594,700","85,966,450","76,949,200","50,008,400","35,280,600","31,507,200","17,101,387.465","5,843,600","1,715,600","4,264,000"
TotalMoneyMarketInvestments,"7,437,000","6,479,000","2,082,000","1,543,000","1,061,000","476,000","333,000","265,000","228,000","356,000","584,000","406,000","343,000","2,000,000","328,000","1,250,000","388,000","730,000","986,000","3,727,000","1,894,000",
ReconciledDepreciation,"43,374,000","87,234,000","57,674,000","46,269,000","49,401,000","53,970,000","39,153,000","31,509,000","25,792,000","20,084,000","16,722,000","14,617,000","14,538,000","23,057,000","18,874,000","12,740,000","16,840,000","9,988,000","6,017,000","1,952,000","1,198,000","893,000"
NetIncomeFromContinuingOperationNetMinorityInterest,"-1,077,079,000","468,636,000","465,339,000","357,818,000","352,166,000","299,619,000","170,468,000","45,477,000","56,801,000","50,704,000","-62,016,000","-9,350,000","-728,065,000","90,326,000","75,856,000","50,366,000","36,363,000","32,055,000","16,912,000","6,110,000","1,904,000","4,264,000"
TotalUnusualItemsExcludingGoodwill,"-1,469,731,000","-349,000","-1,770,000","-19,735,000","-200,000","-21,247,000","-101,016,000","-21,667,000","-37,618,000","-600,000","-874,000","65,774,000","-762,262,000","6,707,000","-1,822,000","596,000","1,804,000","913,000","-315,000","444,000","314,000",
TotalUnusualItems,"-1,469,731,000","-349,000","-1,770,000","-19,735,000","-200,000","-21,247,000","-101,016,000","-21,667,000","-37,618,000","-600,000","-874,000","65,774,000","-762,262,000","6,707,000","-1,822,000","596,000","1,804,000","913,000","-315,000","444,000","314,000",
TaxRateForCalcs,"0.4","0.26","0.265","0.355","0.369","0.376","0.4","0.397","0.392","0.35","0.35","0.35","0.35","0.35","0.4","0.4","0.4","0.4","0.399","0.4","0.4","0.4"
TaxEffectOfUnusualItems,"-587,892,400","-90,740","-469,050","-7,005,925","-73,800","-7,988,872","-40,406,400","-8,601,799","-14,746,256","-210,000","-305,900","23,020,900","-266,791,700","2,347,450","-728,800","238,400","721,600","365,200","-125,612.535","177,600","125,600","0"