name,ttm,12/31/2019,09/30/2019,06/30/2019,03/31/2019,12/31/2018,09/30/2018,06/30/2018,03/31/2018,12/31/2017,09/30/2017,06/30/2017,03/31/2017,12/31/2016,09/30/2016,06/30/2016,03/31/2016,12/31/2015,09/30/2015,06/30/2015,03/31/2015,12/31/2014,09/30/2014,06/30/2014,03/31/2014,12/31/2013,09/30/2013,06/30/2013,03/31/2013,12/31/2012,09/30/2012,06/30/2012,03/31/2012,12/31/2011,09/30/2011,06/30/2011,03/31/2011,12/31/2010,09/30/2010,06/30/2010,03/31/2010,12/31/2009,09/30/2009,06/30/2009,03/31/2009,12/31/2008,09/30/2008,06/30/2008,03/31/2008,12/31/2007,09/30/2007,06/30/2007,03/31/2007,12/31/2006,09/30/2006,06/30/2006,03/31/2006,12/31/2005,09/30/2005,06/30/2005,03/31/2005,12/31/2004,09/30/2004,06/30/2004,03/31/2004,12/31/2003,09/30/2003,06/30/2003,03/31/2003,12/31/2002,09/30/2002,06/30/2002,03/31/2002,12/31/2001,09/30/2001,06/30/2001,03/31/2001,12/31/2000,09/30/2000,06/30/2000,03/31/2000
TotalRevenue,"76,589,000,000","19,868,000,000","19,416,000,000","18,502,000,000","21,229,000,000","24,346,000,000","24,873,000,000","23,407,000,000","22,958,000,000","23,567,000,000","22,700,000,000","20,823,000,000","21,737,000,000","21,403,000,000","21,693,000,000","20,320,000,000","17,989,000,000","22,147,000,000","23,179,000,000","26,021,000,000","25,967,000,000","33,409,000,000","38,844,000,000","36,910,000,000","34,494,000,000","35,593,000,000","33,955,000,000","35,569,000,000","36,345,000,000","41,277,923,365.965","36,484,228,221.102","34,659,000,000","37,410,000,000","36,120,000,000","38,973,000,000","38,234,000,000","32,613,000,000","31,988,000,000","30,881,000,000","29,624,000,000","27,559,000,000","26,200,000,000","25,875,000,000","21,582,000,000","18,212,000,000","22,337,000,000","36,083,000,000","33,495,000,000","26,342,000,000","25,324,000,000","23,447,000,000","20,564,000,000","18,400,000,000","19,020,000,000","19,806,000,000","17,307,000,000","16,214,000,000","16,263,000,000","15,633,000,000","13,694,000,000","10,734,000,000","10,701,000,000","10,221,000,000","8,595,000,000","7,935,000,000","8,149,000,000","8,218,000,000","7,387,000,000","7,043,000,000","5,930,000,000","5,939,000,000","6,014,000,000","4,729,000,000","5,624,000,000","5,941,000,000","6,430,000,000","6,554,000,000","7,839,000,000","6,894,000,000","6,447,000,000","5,775,000,000"
	OperatingRevenue,"76,589,000,000","19,868,000,000","19,416,000,000","18,502,000,000","21,229,000,000","24,346,000,000","24,873,000,000","23,407,000,000","22,958,000,000","5,742,000,000","22,700,000,000","20,823,000,000","27,498,000,000","26,805,000,000","21,693,000,000","20,320,000,000","22,991,000,000","27,313,000,000","23,179,000,000","26,021,000,000","32,502,000,000","40,764,000,000","61,863,000,000","36,910,000,000","41,627,000,000","43,094,000,000","41,109,000,000","35,569,000,000","36,345,000,000","73,888,923,365.965","36,484,228,221.102","34,659,000,000","37,410,000,000","36,120,000,000","38,973,000,000","38,234,000,000","32,613,000,000","31,988,000,000","30,881,000,000","29,624,000,000","27,559,000,000","26,200,000,000","25,875,000,000","21,582,000,000","18,212,000,000","22,337,000,000","36,083,000,000","33,495,000,000","26,342,000,000","25,324,000,000","23,447,000,000","20,564,000,000","18,400,000,000","19,020,000,000","19,806,000,000","17,307,000,000","16,214,000,000","16,263,000,000","15,633,000,000","13,694,000,000","10,734,000,000","10,701,000,000","10,221,000,000","8,595,000,000","7,935,000,000","8,149,000,000","8,218,000,000","7,387,000,000","7,043,000,000","5,930,000,000","5,939,000,000","6,014,000,000","4,729,000,000","5,624,000,000","5,941,000,000","6,430,000,000","6,554,000,000","7,839,000,000","6,894,000,000","6,447,000,000","5,775,000,000"
	ExciseTaxes,,,,,,,,,,,,,"5,761,000,000","5,402,000,000",,,"5,002,000,000","5,166,000,000",,,"6,535,000,000","7,355,000,000","8,014,000,000",,"7,133,000,000","7,501,000,000","7,154,000,000",,,,,,,,,,,,,,,,,,,,,,,,,,,,,,,,,,,,,,,,,,,,,,,,,,,,,,
CostOfRevenue,"45,732,000,000","10,864,000,000","11,855,000,000","10,800,000,000","14,217,000,000","16,074,000,000","16,103,000,000","14,636,000,000","14,704,000,000","15,804,000,000","15,988,000,000","14,181,000,000","14,174,000,000","14,477,000,000","14,506,000,000","13,818,000,000","12,616,000,000","15,160,000,000","16,484,000,000","17,701,000,000","18,140,000,000","24,760,000,000","30,070,000,000","28,382,000,000","26,265,000,000","28,119,000,000","26,707,000,000","26,531,000,000","26,897,000,000","31,577,805,003.461","27,542,272,322.753","26,502,000,000","25,959,000,000","32,031,000,000","24,526,000,000","25,716,000,000","19,033,000,000","19,509,000,000","18,472,000,000","17,456,000,000","15,257,000,000","13,950,000,000","14,350,000,000","10,862,000,000","10,020,000,000","13,569,000,000","23,458,000,000","20,078,000,000","15,760,000,000","15,492,000,000","13,761,000,000","11,202,000,000","10,757,000,000","11,706,000,000","11,819,000,000","9,220,000,000","8,250,000,000","9,500,000,000","8,723,000,000","7,408,000,000","5,206,000,000","6,433,000,000","5,863,000,000","4,439,000,000","4,058,000,000","4,047,000,000","4,196,000,000","4,014,000,000","3,159,000,000","3,509,000,000","2,767,000,000","3,090,000,000","2,575,000,000","3,329,000,000","3,274,000,000","3,385,000,000","3,223,000,000","3,639,000,000","3,858,000,000","3,090,000,000","2,862,000,000"
GrossProfit,"30,857,000,000","9,004,000,000","7,561,000,000","7,702,000,000","7,012,000,000","8,272,000,000","8,770,000,000","8,771,000,000","8,254,000,000","7,763,000,000","6,712,000,000","6,642,000,000","7,563,000,000","6,926,000,000","7,187,000,000","6,502,000,000","5,373,000,000","6,987,000,000","6,695,000,000","8,320,000,000","7,827,000,000","8,649,000,000","8,774,000,000","8,528,000,000","8,229,000,000","7,474,000,000","7,248,000,000","9,038,000,000","9,448,000,000","9,700,118,362.504","8,941,955,898.349","8,157,000,000","11,451,000,000","4,089,000,000","14,447,000,000","12,518,000,000","13,580,000,000","12,479,000,000","12,409,000,000","12,168,000,000","12,302,000,000","12,250,000,000","11,525,000,000","10,720,000,000","8,192,000,000","8,768,000,000","12,625,000,000","13,417,000,000","10,582,000,000","9,832,000,000","9,686,000,000","9,362,000,000","7,643,000,000","7,314,000,000","7,987,000,000","8,087,000,000","7,964,000,000","6,763,000,000","6,910,000,000","6,286,000,000","5,528,000,000","4,268,000,000","4,358,000,000","4,156,000,000","3,877,000,000","4,102,000,000","4,022,000,000","3,373,000,000","3,884,000,000","2,421,000,000","3,172,000,000","2,924,000,000","2,154,000,000","2,295,000,000","2,667,000,000","3,045,000,000","3,331,000,000","4,200,000,000","3,036,000,000","3,357,000,000","2,913,000,000"
OperatingExpense,"12,355,000,000","4,508,000,000","2,441,000,000","2,814,000,000","2,848,000,000","2,277,000,000","4,066,000,000","3,065,000,000","3,133,000,000","7,006,000,000","4,208,000,000","1,984,000,000","2,522,000,000","2,310,000,000","5,878,000,000","4,454,000,000","2,895,000,000","4,186,000,000","4,993,000,000","5,242,000,000","3,135,000,000","5,342,000,000","6,621,000,000","4,699,000,000","5,137,000,000","4,959,000,000","4,721,000,000","3,672,000,000","4,177,000,000","7,615,106,694.354","3,521,210,323.346","4,514,000,000","3,524,000,000","-2,668,000,000","6,066,000,000","3,821,000,000","5,669,000,000","9,370,000,000","5,355,000,000","5,022,000,000","5,051,000,000","8,233,000,000","4,828,000,000","3,960,000,000","3,500,000,000","6,575,000,000","4,938,000,000","3,870,000,000","4,313,000,000","3,799,000,000","3,748,000,000","3,694,000,000","3,796,000,000","3,302,000,000","2,864,000,000","2,643,000,000","2,255,000,000","1,857,000,000","2,242,000,000","2,174,000,000","1,899,000,000","1,742,000,000","1,602,000,000","1,469,000,000","1,257,000,000","1,305,000,000","1,206,000,000","914,000,000","985,000,000","854,000,000","1,291,000,000","1,067,000,000","966,000,000","811,000,000","968,000,000","942,000,000","-3,223,000,000","1,640,000,000","742,000,000","1,206,000,000","758,000,000"
	SellingGeneralAndAdministration,"10,158,000,000","3,712,000,000","2,467,000,000","2,052,000,000","2,217,000,000","1,953,000,000","2,865,000,000","2,545,000,000","2,556,000,000","2,598,000,000","2,113,000,000","1,900,000,000","2,045,000,000","2,413,000,000","1,964,000,000","1,861,000,000","2,035,000,000","2,779,000,000","1,798,000,000","2,174,000,000","2,163,000,000","3,463,000,000","6,596,000,000","2,540,000,000","3,856,000,000","3,581,000,000","2,954,000,000","2,598,000,000","2,859,000,000","5,438,347,572.432","2,508,157,816.672","2,469,000,000","2,575,000,000","2,994,000,000","2,590,000,000","2,671,000,000","2,574,000,000","2,587,000,000","2,539,000,000","2,350,000,000","2,253,000,000","2,185,000,000","2,196,000,000","1,843,000,000","1,606,000,000","665,000,000","2,986,000,000","2,102,000,000","2,517,000,000","3,277,000,000","2,081,000,000","1,927,000,000","2,317,000,000","1,852,000,000","1,579,000,000","1,421,000,000","1,218,000,000","830,000,000","1,305,000,000","1,266,000,000","1,073,000,000","912,000,000","810,000,000","608,000,000","571,000,000","669,000,000","518,000,000","444,000,000","460,000,000","365,000,000","433,000,000","490,000,000","453,000,000","424,000,000","420,000,000","474,000,000","433,000,000","990,000,000","334,000,000","316,000,000","287,000,000"
		GeneralAndAdministrativeExpense,"5,682,000,000","2,326,000,000","1,215,000,000","1,117,000,000","1,120,000,000","1,405,000,000","1,372,000,000","1,228,000,000","1,283,000,000","1,368,000,000","774,000,000","691,000,000","1,285,000,000","1,487,000,000","937,000,000","810,000,000","1,076,000,000","1,106,000,000","711,000,000","909,000,000","1,561,000,000","1,992,000,000","3,637,000,000","1,297,000,000","2,702,000,000","2,311,000,000","1,703,000,000","1,365,000,000","1,709,000,000","4,087,932,166.518","1,256,303,767.428","1,272,000,000","1,244,000,000",,,"1,322,000,000","2,574,000,000","2,587,000,000","2,539,000,000","2,350,000,000","2,253,000,000","2,185,000,000","2,196,000,000","1,843,000,000","1,606,000,000",,,,,,,,,,,,,,,,,,,,,,,,,,,,,,,,,,,,
			SalariesAndWages,"3,443,000,000","1,717,000,000","708,000,000","932,000,000","906,000,000","694,000,000","760,000,000","568,000,000","588,000,000","542,000,000",,,"501,000,000","519,000,000",,,"337,000,000","286,000,000","65,000,000","9,000,000","482,000,000","507,000,000","1,863,000,000","140,000,000","1,425,000,000","779,000,000","257,000,000","114,000,000","320,000,000","185,000,000",,,,,,,"252,000,000","112,000,000","237,000,000","202,000,000","201,000,000","200,000,000","195,000,000","158,000,000","166,000,000",,,,,,,,,,,,,,,,,,,,,,,,,,,,,,,,,,,,
			OtherGandA,"2,239,000,000","609,000,000","507,000,000","185,000,000","214,000,000","711,000,000","612,000,000","660,000,000","695,000,000","826,000,000","774,000,000","691,000,000","784,000,000","968,000,000","937,000,000","810,000,000","739,000,000","820,000,000","776,000,000","900,000,000","1,079,000,000","1,485,000,000","1,774,000,000","1,157,000,000","1,277,000,000","1,532,000,000","1,446,000,000","1,251,000,000","1,389,000,000","2,232,932,166.518","1,256,303,767.428","1,272,000,000","1,244,000,000",,,"1,322,000,000","2,322,000,000","2,475,000,000","2,302,000,000","2,148,000,000","2,052,000,000","1,985,000,000","2,001,000,000","1,685,000,000","1,440,000,000",,,,,,,,,,,,,,,,,,,,,,,,,,,,,,,,,,,,
		SellingAndMarketingExpense,"4,476,000,000","1,386,000,000","1,252,000,000","935,000,000","1,097,000,000","548,000,000","1,493,000,000","1,317,000,000","1,273,000,000","1,230,000,000","1,339,000,000","1,209,000,000","760,000,000","926,000,000","1,027,000,000","1,051,000,000","959,000,000","1,673,000,000","1,087,000,000","1,265,000,000","602,000,000","1,471,000,000","2,959,000,000","1,243,000,000","1,154,000,000","1,270,000,000","1,251,000,000","1,233,000,000","1,150,000,000","1,350,415,405.913","1,251,854,049.244","1,197,000,000","1,331,000,000",,,"1,349,000,000",,,,,,,,,,,,,,,,,,,,,,,,,,,,,,,,,,,,,,,,,,,,,
	ResearchAndDevelopment,"576,000,000","146,000,000","146,000,000","146,000,000","138,000,000","166,000,000","159,000,000","164,000,000","153,000,000","160,000,000","134,000,000","171,000,000","107,000,000","99,000,000","151,000,000","144,000,000","129,000,000","77,000,000","157,000,000","199,000,000","197,000,000","287,000,000","292,000,000","270,000,000","250,000,000","250,000,000","258,000,000","287,000,000","337,000,000","-2,443,472,856.719","928,507,861.169","1,959,000,000","865,000,000","3,052,000,000","403,000,000","1,082,000,000","296,000,000","257,000,000","288,000,000","231,000,000","217,000,000","136,000,000","223,000,000","176,000,000","146,000,000","185,000,000","290,000,000","229,000,000","237,000,000","269,000,000","214,000,000","218,000,000","180,000,000","216,000,000","172,000,000","226,000,000","113,000,000","124,000,000","109,000,000","91,000,000","75,000,000","68,000,000","66,000,000","62,000,000","52,000,000","64,000,000","46,000,000","46,000,000","45,000,000","44,000,000","32,000,000","33,000,000","38,000,000","39,000,000","29,000,000","33,000,000","31,000,000","56,000,000","33,000,000","32,000,000","31,000,000"
	DepreciationAmortizationDepletionIncomeStatement,"158,000,000","34,000,000",,"47,000,000","47,000,000",,,,,,,,,,,,,,,,,,,,,,,,,,,,,,"2,590,000,000",,"2,275,000,000","2,299,000,000","2,078,000,000","2,088,000,000","2,042,000,000","2,284,000,000","2,013,000,000","1,563,000,000","1,328,000,000","1,285,000,000","1,662,000,000","1,531,000,000","1,450,000,000","1,728,000,000","1,277,000,000","1,382,000,000","1,157,000,000","1,057,000,000","983,000,000","817,000,000","816,000,000","787,000,000","738,000,000","731,000,000","670,000,000","667,000,000","651,000,000","630,000,000","533,000,000","463,000,000","564,000,000","345,000,000","413,000,000","402,000,000","687,000,000","439,000,000","402,000,000","279,000,000","446,000,000","356,000,000","648,000,000","536,000,000","313,000,000","786,000,000","387,000,000"
		DepreciationAndAmortizationInIncomeStatement,,,,,,,,,,,,,,,,,,,,,,,,,,,,,,,,,,,,,,,,,,,,,,,"1,662,000,000","1,531,000,000","1,450,000,000","1,728,000,000","1,277,000,000","1,382,000,000","1,157,000,000","1,057,000,000","983,000,000","817,000,000","816,000,000","787,000,000","738,000,000","731,000,000","670,000,000","667,000,000","651,000,000","630,000,000","533,000,000","463,000,000","564,000,000","345,000,000","413,000,000","402,000,000","687,000,000","439,000,000","402,000,000","279,000,000","446,000,000","356,000,000","648,000,000","536,000,000","313,000,000","786,000,000","387,000,000"
	OtherTaxes,"619,000,000","319,000,000","141,000,000","66,000,000","103,000,000","304,000,000","200,000,000","100,000,000","148,000,000","476,000,000","321,000,000","954,000,000","92,000,000","260,000,000","188,000,000","127,000,000","139,000,000","383,000,000","861,000,000","1,289,000,000","263,000,000","239,000,000","243,000,000","140,000,000","138,000,000","452,000,000","96,000,000","120,000,000","112,000,000","144,231,978.641","84,544,645.506","86,000,000","84,000,000",,,"68,000,000",,,,,,,,,,,"96,000,000","8,000,000","109,000,000","177,000,000","176,000,000","167,000,000","142,000,000","177,000,000","130,000,000","179,000,000","108,000,000","116,000,000","90,000,000","86,000,000","81,000,000","95,000,000","75,000,000","169,000,000","101,000,000","109,000,000","78,000,000","79,000,000","67,000,000","43,000,000","139,000,000","105,000,000","73,000,000","69,000,000","73,000,000","79,000,000","74,000,000","58,000,000","62,000,000","72,000,000","53,000,000"
	OtherOperatingExpenses,"844,000,000","173,000,000","-313,000,000","503,000,000","343,000,000","-146,000,000","842,000,000","256,000,000","276,000,000","3,772,000,000","1,640,000,000","-1,041,000,000","278,000,000","-462,000,000","3,575,000,000","2,322,000,000","592,000,000","947,000,000","2,177,000,000","1,580,000,000","512,000,000","1,353,000,000","-510,000,000","1,749,000,000","893,000,000","676,000,000","1,413,000,000","667,000,000","869,000,000","2,183,000,000",,,,,"483,000,000",,"524,000,000","4,227,000,000","450,000,000","353,000,000","539,000,000","3,628,000,000","396,000,000","378,000,000","420,000,000","4,711,000,000","-96,000,000",,,,,,,,,,,,,,,,,,,,,,,,,,,,,,"-4,409,000,000",,,,
OperatingIncome,"18,502,000,000","4,496,000,000","5,120,000,000","4,888,000,000","4,164,000,000","5,995,000,000","4,704,000,000","5,706,000,000","5,121,000,000","757,000,000","2,504,000,000","4,658,000,000","5,041,000,000","4,616,000,000","1,309,000,000","2,048,000,000","2,478,000,000","2,801,000,000","1,702,000,000","3,078,000,000","4,692,000,000","3,307,000,000","2,153,000,000","3,829,000,000","3,092,000,000","2,515,000,000","2,527,000,000","5,366,000,000","5,271,000,000","2,085,011,668.15","5,420,745,575.002","3,643,000,000","7,927,000,000","6,757,000,000","8,381,000,000","8,697,000,000","7,911,000,000","3,109,000,000","7,054,000,000","7,146,000,000","7,251,000,000","4,017,000,000","6,697,000,000","6,760,000,000","4,692,000,000","2,193,000,000","7,687,000,000","9,547,000,000","6,269,000,000","6,033,000,000","5,938,000,000","5,668,000,000","3,847,000,000","4,012,000,000","5,123,000,000","5,444,000,000","5,709,000,000","4,906,000,000","4,668,000,000","4,112,000,000","3,629,000,000","2,526,000,000","2,756,000,000","2,687,000,000","2,620,000,000","2,797,000,000","2,816,000,000","2,459,000,000","2,899,000,000","1,567,000,000","1,881,000,000","1,857,000,000","1,188,000,000","1,484,000,000","1,699,000,000","2,103,000,000","6,554,000,000","2,560,000,000","2,294,000,000","2,151,000,000","2,155,000,000"
NetNonOperatingInterestIncomeExpense,"-5,756,000,000","-891,000,000","-2,086,000,000","-1,259,000,000","-1,346,000,000","-331,000,000","-632,000,000","-209,000,000","-1,464,000,000","-1,378,000,000","-2,343,000,000","-1,809,000,000","-1,517,000,000","-2,097,000,000","-2,193,000,000","-1,727,000,000","-1,349,000,000","-1,037,000,000","-3,226,000,000","-1,969,000,000","-1,075,000,000","-405,000,000","1,000,000","-666,000,000","-341,000,000","-560,000,000","195,000,000","-179,000,000","-114,000,000","966,991,891.625","-56,363,097.004","391,000,000","263,000,000","-2,517,000,000","864,000,000","945,000,000","657,000,000","771,000,000","114,000,000","45,000,000","57,000,000","294,000,000","-30,000,000","129,000,000","211,000,000",,,,,,,,,,,,,,,,,,,,,,,,,,,,,,,,,,,,
	InterestIncomeNonOperating,"558,000,000","154,000,000","162,000,000","114,000,000","131,000,000","-1,622,000,000","571,000,000","143,000,000","145,000,000","160,000,000",,"326,000,000","134,000,000","141,000,000",,,"121,000,000","170,000,000",,,"178,000,000","210,000,000","-23,000,000","340,000,000","441,000,000","170,000,000","482,000,000","439,000,000","487,000,000","748,813,902.897","485,019,282.112","835,000,000","677,000,000","693,000,000","1,103,000,000","1,127,000,000","1,045,000,000","1,151,000,000","555,000,000","511,000,000","413,000,000","578,000,000","499,000,000","485,000,000","337,000,000",,,,,,,,,,,,,,,,,,,,,,,,,,,,,,,,,,,,
	InterestExpenseNonOperating,"6,684,000,000","1,856,000,000","2,004,000,000","1,541,000,000","988,000,000","-284,000,000","1,203,000,000","1,104,000,000","1,519,000,000","1,156,000,000","2,343,000,000","2,135,000,000","1,625,000,000","1,518,000,000","2,193,000,000","1,727,000,000","1,357,000,000","1,357,000,000","3,226,000,000","1,969,000,000","1,110,000,000","821,000,000","525,000,000","1,006,000,000","782,000,000","377,000,000","371,000,000","618,000,000","601,000,000","-55,177,988.727","541,382,379.116","444,000,000","489,000,000","767,000,000","239,000,000","182,000,000","388,000,000","380,000,000","441,000,000","466,000,000","356,000,000","284,000,000","529,000,000","356,000,000","126,000,000",,,,,,,,,,,,,,,,,,,,,,,,,,,,,,,,,,,,
	TotalOtherFinanceCost,"-370,000,000","-811,000,000","244,000,000","-168,000,000","489,000,000",,,"-752,000,000","90,000,000","382,000,000","2,343,000,000",,"26,000,000","720,000,000","2,193,000,000","1,727,000,000","113,000,000","-150,000,000","3,226,000,000","1,969,000,000","143,000,000","-206,000,000",,,,"353,000,000","-84,000,000",,,,,,"-75,000,000",,,,,,,,,,,,,,,,,,,,,,,,,,,,,,,,,,,,,,,,,,,,,,,,
OtherIncomeExpense,"-743,000,000","-1,771,000,000","-2,170,000,000","4,189,000,000","-1,128,000,000","-4,033,000,000","-994,000,000","-1,523,000,000","-242,000,000","-2,005,000,000","92,000,000","-747,000,000","-1,256,000,000","-941,000,000","-4,753,000,000","113,000,000","-1,169,000,000","-13,846,000,000","56,000,000","55,000,000","-979,000,000","-16,101,000,000","-4,517,000,000","366,000,000","458,000,000","-264,000,000","-551,000,000","-1,348,000,000","552,000,000","2,025,392,761.792","-1,298,823,296.747","-4,825,000,000","-1,191,000,000","544,000,000","-5,062,000,000","-205,000,000","126,000,000","3,288,000,000","-154,000,000","-1,468,000,000","-1,382,000,000","1,492,000,000","-655,000,000","-690,000,000","-856,000,000","-110,000,000","1,190,000,000","-728,000,000","28,000,000","-728,000,000","-500,000,000","-158,000,000","13,000,000","-294,000,000","-355,000,000","-152,000,000","-364,000,000","-1,432,000,000","-500,000,000","-117,000,000","-351,000,000","93,000,000","-77,000,000","-555,000,000","-358,000,000","-996,000,000","-422,000,000","71,000,000","-220,000,000","-1,600,000,000","-1,147,000,000","-715,000,000","-242,000,000","-1,128,000,000","-777,000,000","-469,000,000","-832,000,000","-788,000,000","-299,000,000","-364,000,000","-110,000,000"
	GainOnSaleOfSecurity,"-3,378,000,000","-733,000,000","-590,000,000","-535,000,000","-1,087,000,000","-880,000,000","-890,000,000","-872,000,000","-988,000,000","-962,000,000",,"-938,000,000","-985,000,000","456,000,000",,,"-874,000,000","-246,000,000",,,"-888,000,000","-308,000,000","-428,000,000","244,000,000","268,000,000","-766,000,000","-641,000,000","-1,536,000,000","810,000,000","326,132,008.306","-224,957,974.884","-3,654,000,000",,,"-3,782,000,000","872,000,000","575,000,000","403,000,000","1,092,000,000","-446,000,000","-335,000,000",,"624,000,000","-689,000,000",,,,,,,,,,,,,,,,,,,,,,,,,,,,,,,,,,,,,
	EarningsFromEquityInterest,"153,000,000","-210,000,000","112,000,000","120,000,000","132,000,000","32,000,000","247,000,000","86,000,000","158,000,000","149,000,000","138,000,000","191,000,000","195,000,000","-387,000,000","-43,000,000","113,000,000","99,000,000","-348,000,000","56,000,000","55,000,000","60,000,000","-212,000,000","87,000,000","122,000,000","221,000,000","25,000,000","216,000,000","188,000,000","78,000,000","91,452,486.898","94,927,321.27","-217,000,000","77,000,000","119,000,000","-232,000,000","174,000,000","215,000,000","193,000,000","248,000,000","-16,000,000","-12,000,000","-215,000,000","157,000,000","230,000,000","-15,000,000","-317,000,000","-38,000,000","253,000,000","81,000,000","63,000,000","97,000,000","46,000,000","29,000,000","-8,000,000","-21,000,000","47,000,000","10,000,000","26,000,000","39,000,000","51,000,000","23,000,000","31,000,000","39,000,000","48,000,000","54,000,000","38,000,000","1,000,000","91,000,000","11,000,000","-169,000,000","33,000,000","34,000,000","-76,000,000","-31,000,000","13,000,000","9,000,000","1,000,000",,,,
	SpecialIncomeCharges,"3,198,000,000","-112,000,000","-1,692,000,000","4,604,000,000","-173,000,000","-3,185,000,000","-351,000,000","-737,000,000","588,000,000","-1,192,000,000","-46,000,000",,"-466,000,000","-1,054,000,000","-4,710,000,000",,"-394,000,000","-12,878,000,000",,,"-151,000,000","-15,581,000,000","-3,976,000,000",,"-31,000,000","477,000,000","-126,000,000",,"-336,000,000","1,607,808,266.588","-1,168,792,643.133","-954,000,000","-1,268,000,000","-1,897,000,000","-1,048,000,000","-1,251,000,000","-664,000,000","2,692,000,000","-1,494,000,000","-1,006,000,000","-1,035,000,000","1,882,000,000","-1,436,000,000","-231,000,000","-841,000,000","-1,377,000,000","1,228,000,000","-981,000,000","-53,000,000","-791,000,000","-597,000,000","-204,000,000","-16,000,000","-286,000,000","-334,000,000","-199,000,000","-374,000,000","-1,458,000,000","-539,000,000","-168,000,000","-374,000,000","62,000,000","-116,000,000","-603,000,000","-412,000,000","-1,034,000,000","-423,000,000","-20,000,000","-231,000,000","-1,431,000,000","-1,180,000,000","-749,000,000","-166,000,000","-1,097,000,000","-790,000,000","-478,000,000","-833,000,000","-788,000,000","-299,000,000","-364,000,000","-110,000,000"
		ImpairmentOfCapitalAssets,"2,848,000,000","2,221,000,000",,,,,,,,"1,081,000,000","46,000,000",,,"1,071,000,000","4,710,000,000",,,,,,,,,,,,,,,,,,,,"0",,"0","308,000,000","0","0","94,000,000",,"0","0",,,,,,,,,,,,,,,,,,,,,,,,,,,,,,,,,,,,,
		WriteOff,"6,046,000,000","621,000,000","770,000,000","43,000,000","11,000,000","-318,000,000","385,000,000","33,000,000","25,000,000","-64,000,000",,,"28,000,000",,,,"75,000,000","-275,000,000",,,"1,000,000","-128,000,000","2,450,000,000",,"117,000,000","734,000,000","160,000,000",,"74,000,000",,,,,,,,,,,,,,,,,,,,,,,,,,,,,,,,,,,,,,,,,,,,,,,,,,,,
		OtherSpecialCharges,"1,520,000,000","31,000,000","922,000,000","212,000,000","368,000,000","1,291,000,000","-97,000,000","454,000,000","392,000,000","38,000,000",,,"399,000,000","-128,000,000",,,"293,000,000","676,000,000",,,"291,000,000","120,000,000","-268,000,000",,"161,000,000","-274,000,000","116,000,000",,"262,000,000",,,,,,"1,048,000,000",,"664,000,000","-3,000,000,000","1,494,000,000","1,006,000,000","941,000,000","-2,201,000,000","1,436,000,000","231,000,000","841,000,000",,,,,,,,,,,,,,,,,,,,,,,,,,,,,,,,,,,,
		GainOnSaleOfPPE,"6,046,000,000",,,"4,859,000,000","184,000,000","-207,000,000","-63,000,000","-316,000,000","1,005,000,000","-137,000,000",,,"-39,000,000","560,000,000",,,"-26,000,000","-322,000,000",,,"141,000,000","1,234,000,000","-1,794,000,000",,"247,000,000","937,000,000","150,000,000",,,,,,,,,,,,,,,,,,,,,,,,,,,,,,,,,,,,,,,,,,,,,,,,,,,,,,
	OtherNonOperatingIncomeExpenses,"-716,000,000"
PretaxIncome,"12,003,000,000","1,834,000,000","864,000,000","7,818,000,000","1,690,000,000","1,631,000,000","3,078,000,000","3,974,000,000","3,415,000,000","-2,626,000,000","253,000,000","2,102,000,000","2,268,000,000","1,578,000,000","-5,637,000,000","434,000,000","-40,000,000","-12,082,000,000","-1,468,000,000","1,164,000,000","2,638,000,000","-13,199,000,000","-2,363,000,000","3,529,000,000","3,209,000,000","1,691,000,000","2,171,000,000","3,839,000,000","5,709,000,000","5,077,396,321.566","4,065,559,181.252","-791,000,000","6,999,000,000","4,784,000,000","4,183,000,000","9,437,000,000","8,694,000,000","7,168,000,000","7,014,000,000","5,723,000,000","5,926,000,000","5,803,000,000","6,012,000,000","6,199,000,000","4,047,000,000","2,638,000,000","8,786,000,000","8,939,000,000","6,629,000,000","4,537,000,000","5,485,000,000","5,523,000,000","3,754,000,000","4,048,000,000","4,779,000,000","5,220,000,000","5,114,000,000","3,974,000,000","4,004,000,000","3,377,000,000","3,237,000,000","2,747,000,000","2,284,000,000","2,003,000,000","1,901,000,000","1,791,000,000","2,267,000,000","2,120,000,000","2,595,000,000","-124,000,000","1,179,000,000","1,439,000,000","970,000,000","31,000,000","1,328,000,000","1,836,000,000","1,533,000,000","2,004,000,000","1,991,000,000","1,795,000,000","2,075,000,000"
TaxProvision,"4,200,000,000","-241,000,000","992,000,000","2,960,000,000","565,000,000","850,000,000","1,329,000,000","1,286,000,000","1,219,000,000","-972,000,000","49,000,000","2,014,000,000","737,000,000","748,000,000","-298,000,000","177,000,000","57,000,000","-3,014,000,000","-49,000,000","870,000,000","1,056,000,000","-3,335,000,000","51,000,000","1,200,000,000","763,000,000","-924,000,000","623,000,000","1,095,000,000","1,784,000,000","668,694,353.802","1,279,541,184.614","162,000,000","1,666,000,000","1,625,000,000","926,000,000","2,286,000,000","2,049,000,000","1,326,000,000","1,983,000,000","1,487,000,000","1,560,000,000","874,000,000","1,866,000,000","1,201,000,000","1,297,000,000","1,656,000,000","2,838,000,000","2,704,000,000","2,061,000,000","1,697,000,000","1,589,000,000","1,174,000,000","1,428,000,000","1,042,000,000","1,159,000,000","1,757,000,000","1,733,000,000","848,000,000","1,510,000,000","882,000,000","1,201,000,000","627,000,000","271,000,000","776,000,000","557,000,000","649,000,000","370,000,000","661,000,000","983,000,000","-197,000,000","427,000,000","566,000,000","357,000,000","-24,000,000","670,000,000","367,000,000","376,000,000","377,000,000","708,000,000","584,000,000","854,000,000"
NetIncomeCommonStockholders,"10,151,000,000","1,981,000,000","2,290,000,000","2,744,000,000","1,070,000,000","551,000,000","1,683,000,000","2,794,000,000","2,145,000,000","-1,687,000,000","83,000,000","96,000,000","1,417,000,000","754,000,000","-5,380,000,000","106,000,000","-318,000,000","-9,421,000,000","-1,062,000,000","171,000,000","1,862,000,000","-9,722,000,000","-2,150,000,000","2,225,000,000","2,280,000,000","2,760,000,000","1,484,000,000","2,996,000,000","3,854,000,000","4,391,559,576.782","2,752,397,903.688","-685,000,000","5,212,000,000","3,090,000,000","3,859,000,000","6,857,000,000","6,524,000,000","5,896,000,000","4,725,000,000","4,246,000,000","4,317,000,000","5,143,000,000","3,734,000,000","3,991,000,000","2,636,000,000","2,166,000,000","5,997,000,000","6,215,000,000","4,501,000,000","2,812,000,000","3,833,000,000","4,334,000,000","2,159,000,000","2,786,000,000","3,526,000,000","3,351,000,000","3,163,000,000","3,523,000,000","2,656,000,000","2,119,000,000","2,046,000,000","1,707,000,000","1,839,000,000","1,307,000,000","1,337,000,000","894,000,000","1,897,000,000","1,459,000,000","2,309,000,000","73,000,000","752,000,000","873,000,000","613,000,000","143,000,000","658,000,000","1,469,000,000","1,221,000,000","1,627,000,000","1,283,000,000","1,211,000,000","1,221,000,000"
	NetIncome,"10,151,000,000","1,981,000,000","2,290,000,000","4,811,000,000","1,070,000,000","551,000,000","1,683,000,000","2,794,000,000","2,145,000,000","-1,687,000,000","83,000,000","96,000,000","1,417,000,000","754,000,000","-5,380,000,000","106,000,000","-318,000,000","-9,421,000,000","-1,062,000,000","171,000,000","1,862,000,000","-9,722,000,000","-2,150,000,000","2,225,000,000","2,280,000,000","2,760,000,000","1,484,000,000","2,996,000,000","3,854,000,000","4,391,559,576.782","2,752,397,903.688","-685,000,000","5,212,000,000","3,090,000,000","3,859,000,000","6,857,000,000","6,524,000,000","5,896,000,000","4,725,000,000","4,246,000,000","4,317,000,000","5,143,000,000","3,734,000,000","3,991,000,000","2,636,000,000","2,166,000,000","5,997,000,000","6,215,000,000","4,501,000,000","2,812,000,000","3,833,000,000","4,334,000,000","2,159,000,000","2,786,000,000","3,526,000,000","3,351,000,000","3,163,000,000","3,523,000,000","2,656,000,000","2,119,000,000","2,046,000,000","1,707,000,000","1,839,000,000","1,307,000,000","1,337,000,000","894,000,000","1,897,000,000","1,459,000,000","2,309,000,000","73,000,000","752,000,000","873,000,000","613,000,000","143,000,000","658,000,000","1,469,000,000","1,221,000,000","1,627,000,000","1,283,000,000","1,211,000,000","1,221,000,000"
		NetIncomeIncludingNoncontrollingInterests,"10,363,000,000","2,075,000,000","2,228,000,000","4,935,000,000","1,125,000,000","781,000,000","1,749,000,000","2,688,000,000","2,196,000,000","-1,654,000,000","204,000,000","88,000,000","1,531,000,000","830,000,000","-5,339,000,000","257,000,000","-97,000,000","-9,068,000,000","-1,419,000,000","294,000,000","1,582,000,000","-9,864,000,000","-2,414,000,000","2,329,000,000","2,446,000,000","2,615,000,000","1,548,000,000","2,744,000,000","3,925,000,000","4,408,701,967.764","2,786,017,996.638","-953,000,000","5,333,000,000","3,159,000,000","3,257,000,000","7,151,000,000","6,645,000,000","5,842,000,000","5,031,000,000","4,236,000,000","4,366,000,000","4,929,000,000","4,146,000,000","4,998,000,000","2,750,000,000","982,000,000","5,948,000,000","6,287,000,000","4,568,000,000","2,840,000,000","3,896,000,000","4,349,000,000","2,326,000,000","3,006,000,000","3,620,000,000","3,463,000,000","3,381,000,000","3,284,000,000","2,494,000,000","2,495,000,000","2,036,000,000","2,120,000,000","2,013,000,000","1,227,000,000","1,344,000,000","904,000,000","1,943,000,000","1,592,000,000","2,368,000,000","215,000,000","472,000,000","728,000,000","664,000,000","265,000,000","555,000,000","1,426,000,000","1,157,000,000","1,587,000,000","1,261,000,000","1,203,000,000","1,229,000,000"
			NetIncomeContinuousOperations,"7,803,000,000","2,075,000,000","-128,000,000","4,858,000,000","1,125,000,000","781,000,000","1,749,000,000","2,688,000,000","2,196,000,000","-1,654,000,000","204,000,000","88,000,000","1,531,000,000","830,000,000","-5,339,000,000","257,000,000","-97,000,000","-9,068,000,000","-1,419,000,000","294,000,000","1,582,000,000","-9,864,000,000","-2,414,000,000","2,329,000,000","2,446,000,000","2,615,000,000","1,548,000,000","2,744,000,000","3,925,000,000","4,408,701,967.764","2,786,017,996.638","-953,000,000","5,333,000,000","3,159,000,000","3,257,000,000","7,151,000,000","6,645,000,000","5,842,000,000","5,031,000,000","4,236,000,000","4,366,000,000","4,929,000,000","4,146,000,000","4,998,000,000","2,750,000,000","1,020,000,000","5,997,000,000","6,215,000,000","4,501,000,000","2,812,000,000","3,833,000,000","4,334,000,000","2,159,000,000","2,786,000,000","3,526,000,000","3,351,000,000","3,163,000,000","3,365,000,000","2,656,000,000","2,119,000,000","2,046,000,000","1,707,000,000","1,839,000,000","1,307,000,000","1,337,000,000","894,000,000","1,897,000,000","1,459,000,000","1,612,000,000","73,000,000","752,000,000","873,000,000","613,000,000","143,000,000","658,000,000","1,469,000,000","1,221,000,000","1,627,000,000","1,283,000,000","1,211,000,000","1,221,000,000"
			NetIncomeDiscontinuousOperations,"2,560,000,000","0","2,356,000,000","77,000,000",,,,,,,,,,,,,,,,,,,,,,,,,,,,,,,,,,,,,,,,,,,,,,,,,,,,,,,,,,,,,,,,,,,,,,,,,,,,,
			NetIncomeExtraordinary,,,,,,,,,,,,,,,,,,,,,,,,,,,,,,,,,,,,,,,,,,,,,,,,,,,,,,,,,,,,,,,,,,"0",,,"697,000,000",,,,,,,,,,,,
		MinorityInterests,"-212,000,000","-94,000,000","62,000,000","-124,000,000","-55,000,000","-230,000,000","-66,000,000","106,000,000","-51,000,000","-33,000,000","-121,000,000","8,000,000","-114,000,000","-76,000,000","-41,000,000","-151,000,000","-221,000,000","-353,000,000","357,000,000","-123,000,000","280,000,000","142,000,000","264,000,000","-104,000,000","-166,000,000","145,000,000","-64,000,000","252,000,000","-71,000,000","-17,142,390.982","-33,620,092.95","268,000,000","-121,000,000","-69,000,000","602,000,000","-294,000,000","-121,000,000","54,000,000","-306,000,000","10,000,000","-49,000,000","214,000,000","-412,000,000","-1,007,000,000","-114,000,000","1,184,000,000","49,000,000","-72,000,000","-67,000,000","-28,000,000","-63,000,000","-15,000,000","-167,000,000","-220,000,000","-94,000,000","-112,000,000","-218,000,000","239,000,000","162,000,000","-376,000,000","10,000,000","-413,000,000","-174,000,000","80,000,000","-7,000,000","-10,000,000","-46,000,000","-133,000,000","-59,000,000","-142,000,000","280,000,000","145,000,000","-51,000,000","-122,000,000","103,000,000","43,000,000","64,000,000","40,000,000","22,000,000","8,000,000","-8,000,000"
	OtherunderPreferredStockDividend,,,,"2,067,000,000",,,,,,,,,,,,,,,,,,,,,,,,,,,,,,,,,,,,,,,,,,,,,,,,,,,,,,,,,,,,,,,,,,,,,,,,,,,,,
DilutedNIAvailtoComStockholders,"10,151,000,000","1,981,000,000","2,290,000,000","2,744,000,000","1,070,000,000","551,000,000","1,683,000,000","2,794,000,000","2,145,000,000","-1,687,000,000","83,000,000","96,000,000","1,417,000,000","754,000,000","-5,380,000,000","106,000,000","-318,000,000","-9,421,000,000","-1,062,000,000","171,000,000","1,862,000,000","-9,722,000,000","-2,150,000,000","2,225,000,000","2,280,000,000","2,760,000,000","1,484,000,000","2,996,000,000","3,854,000,000","4,391,559,576.782","2,752,397,903.688","-685,000,000","5,212,000,000","3,090,000,000","3,859,000,000","6,857,000,000","6,524,000,000","5,896,000,000","4,725,000,000","4,246,000,000","4,317,000,000","5,143,000,000","3,734,000,000","3,991,000,000","2,636,000,000","2,166,000,000","5,997,000,000","6,215,000,000","4,501,000,000","2,812,000,000","3,833,000,000","4,334,000,000","2,159,000,000","2,786,000,000","3,526,000,000","3,351,000,000","3,163,000,000","3,523,000,000","2,656,000,000","2,119,000,000","2,046,000,000","1,707,000,000","1,839,000,000","1,307,000,000","1,337,000,000","894,000,000","1,897,000,000","1,459,000,000","2,309,000,000","73,000,000","752,000,000","873,000,000","613,000,000","143,000,000","658,000,000","1,469,000,000","1,221,000,000","1,627,000,000","1,283,000,000","1,211,000,000","1,221,000,000"
BasicEPS,,"0.304","0.36","0.74","0.16",,"0.26","0.44","0.32",,"0.02","0.02","0.22","0.12","-0.82","0.016","-0.04",,"-0.18","0.04","0.28",,,"0.341","0.34","0.42",,"0.459","0.6","0.58","0.425","-0.1","0.8",,"0.6","1.06","1",,"1.06","0.96","0.98",,"0.86","0.9","0.6",,"0.68","1.42","2.04",,"1.74","0.99","0.98",,"1.6","1.52","1.44",,"1.22","0.965","0.935",,"0.84","0.595","0.61",,"0.865","0.665","1.055",,"0.345","0.405","0.28",,"0.3","0.68","0.56",,"0.59","0.56","0.56"
DilutedEPS,,"0.304","0.36","0.74","0.16",,"0.26","0.44","0.32",,"0.02","0.02","0.22","0.12","-0.82","0.016","-0.04",,"-0.18","0.04","0.28",,,"0.341","0.34","0.42",,"0.459","0.6","0.58","0.425","-0.1","0.8",,"0.6","1.06","1",,"1.06","0.96","0.98",,"0.86","0.9","0.6",,"0.68","1.42","2.04",,"1.74","0.99","0.98",,"1.6","1.52","1.44",,"1.22","0.965","0.935",,"0.84","0.595","0.61",,"0.865","0.665","1.055",,"0.345","0.405","0.28",,"0.3","0.68","0.56",,"0.59","0.56","0.56"
BasicAverageShares,,"6,522,100,630","6,522,100,630","3,721,115,691","6,522,100,630",,"6,522,248,465","6,522,248,465","6,522,248,465",,"6,522,248,465","4,800,000,000","6,522,248,465","6,283,333,333","6,560,975,610","6,522,248,465","6,522,248,465",,"5,900,000,000","6,522,248,465","6,522,248,465",,,"6,522,248,465","6,522,248,465","6,571,428,571",,"6,522,248,465","6,423,333,333","6,487,931,034","6,473,255,814","6,850,000,000","6,522,248,465",,"6,522,248,465","6,468,867,925","6,522,248,465",,"4,387,038,370","4,387,038,370","4,387,038,370",,"4,387,038,370","4,387,038,370","4,387,038,370",,"4,387,038,370","4,387,038,370","2,193,519,185",,"2,193,519,185","2,193,519,185","2,193,519,186",,"2,193,475,816","2,193,075,850","2,193,075,850",,"2,193,075,850","2,193,075,850","2,193,075,850",,"2,193,075,850","2,193,075,850","2,193,075,850",,"2,193,075,850","2,193,075,850","2,191,941,830",,"2,172,208,174","2,172,208,174","2,172,208,174",,"1,268,336,836","1,268,336,836","2,314,468,442",,"1,268,336,836","1,268,336,836","1,268,336,838"
DilutedAverageShares,,"6,522,100,630","6,522,100,630","3,721,115,691","6,522,100,630",,"6,522,248,465","6,522,248,465","6,522,248,465",,"6,522,248,465","4,800,000,000","6,522,248,465","6,283,333,333","6,560,975,610","6,522,248,465","6,522,248,465",,"5,900,000,000","6,522,248,465","6,522,248,465",,,"6,522,248,465","6,522,248,465","6,571,428,571",,"6,522,248,465","6,423,333,333","6,487,931,034","6,473,255,814","6,850,000,000","6,522,248,465",,"6,522,248,465","6,468,867,925","6,522,248,465",,"4,387,038,370","4,387,038,370","4,387,038,370",,"4,387,038,370","4,387,038,370","4,387,038,370",,"4,387,038,370","4,387,038,370","2,193,519,185",,"2,193,519,185","2,193,519,185","2,193,519,186",,"2,193,475,816","2,193,075,850","2,193,075,850",,"2,193,075,850","2,193,075,850","2,193,075,850",,"2,193,075,850","2,193,075,850","2,193,075,850",,"2,193,075,850","2,193,075,850","2,191,941,830",,"2,172,208,174","2,172,208,174","2,172,208,174",,"1,268,336,836","1,268,336,836","2,314,468,442",,"1,268,336,836","1,268,336,836","1,268,336,838"
TotalOperatingIncomeAsReported,"20,614,000,000","3,646,000,000",,,,,,,,,,"4,658,000,000",,,,,,,,,,,,,,,,,,,,,,,,,,,,,,,,,,,,,,,,,,,,,,,,,,,,,,,,,,,,,,,,,,,,,
TotalExpenses,"58,087,000,000","15,372,000,000","14,296,000,000","13,614,000,000","17,065,000,000","18,351,000,000","20,169,000,000","17,701,000,000","17,837,000,000","22,810,000,000","20,196,000,000","16,165,000,000","16,696,000,000","16,787,000,000","20,384,000,000","18,272,000,000","15,511,000,000","19,346,000,000","21,477,000,000","22,943,000,000","21,275,000,000","30,102,000,000","36,691,000,000","33,081,000,000","31,402,000,000","33,078,000,000","31,428,000,000","30,203,000,000","31,074,000,000","39,192,911,697.815","31,063,482,646.099","31,016,000,000","29,483,000,000","29,363,000,000","30,592,000,000","29,537,000,000","24,702,000,000","28,879,000,000","23,827,000,000","22,478,000,000","20,308,000,000","22,183,000,000","19,178,000,000","14,822,000,000","13,520,000,000","20,144,000,000","28,396,000,000","23,948,000,000","20,073,000,000","19,291,000,000","17,509,000,000","14,896,000,000","14,553,000,000","15,008,000,000","14,683,000,000","11,863,000,000","10,505,000,000","11,357,000,000","10,965,000,000","9,582,000,000","7,105,000,000","8,175,000,000","7,465,000,000","5,908,000,000","5,315,000,000","5,352,000,000","5,402,000,000","4,928,000,000","4,144,000,000","4,363,000,000","4,058,000,000","4,157,000,000","3,541,000,000","4,140,000,000","4,242,000,000","4,327,000,000","0","5,279,000,000","4,600,000,000","4,296,000,000","3,620,000,000"
NetIncomeFromContinuingAndDiscontinuedOperation,"10,151,000,000","1,981,000,000","2,290,000,000","4,811,000,000","1,070,000,000","551,000,000","1,683,000,000","2,794,000,000","2,145,000,000","-1,687,000,000","83,000,000","96,000,000","1,417,000,000","754,000,000","-5,380,000,000","106,000,000","-318,000,000","-9,421,000,000","-1,062,000,000","171,000,000","1,862,000,000","-9,722,000,000","-2,150,000,000","2,225,000,000","2,280,000,000","2,760,000,000","1,484,000,000","2,996,000,000","3,854,000,000","4,391,559,576.782","2,752,397,903.688","-685,000,000","5,212,000,000","3,090,000,000","3,859,000,000","6,857,000,000","6,524,000,000","5,896,000,000","4,725,000,000","4,246,000,000","4,317,000,000","5,143,000,000","3,734,000,000","3,991,000,000","2,636,000,000","2,166,000,000","5,997,000,000","6,215,000,000","4,501,000,000","2,812,000,000","3,833,000,000","4,334,000,000","2,159,000,000","2,786,000,000","3,526,000,000","3,351,000,000","3,163,000,000","3,365,000,000","2,656,000,000","2,119,000,000","2,046,000,000","1,707,000,000","1,839,000,000","1,307,000,000","1,337,000,000","894,000,000","1,897,000,000","1,459,000,000","1,612,000,000","73,000,000","752,000,000","873,000,000","613,000,000","143,000,000","658,000,000","1,469,000,000","1,221,000,000","1,627,000,000","1,283,000,000","1,211,000,000","1,221,000,000"
NormalizedIncome,"7,708,000,000","2,538,700,000","1,440,120,000","2,205,578,152.98","1,908,757,396.45","3,233,900,000","2,502,060,000","3,882,322,093.608","2,402,218,155.198","-330,291,698.401","120,090,909.091","715,080,000","2,396,425,000","1,148,680,000","-918,994,145.822","106,000,000","518,880,000","429,060,585.996","-1,062,000,000","171,000,000","2,547,740,000","2,152,315,933.025","-1,867,520,000","2,063,969,679.796","2,099,406,000","2,950,740,000","2,030,898,203.593","4,093,885,907.788","3,527,888,000","2,712,319,715.35","3,707,497,591.457","2,356,280,000","6,178,172,881.84","4,342,638,586.957","7,619,772,173.082","7,144,191,798.241","6,592,024,499.655","3,373,540,457.589","5,013,346,449.957","5,320,728,638.826","5,326,352,008.1","3,544,451,318.284","4,293,972,055.888","4,732,758,348.121","3,207,472,695.824","3,074,820,000","5,165,661,051.673","6,899,252,712.831","4,537,521,949.012","3,307,137,756.227","4,257,049,589.79","4,494,636,610.538","2,168,913,692.062","2,998,380,434.783","3,778,998,535.258","3,483,018,582.375","3,410,261,243.645","4,511,881,731.253","2,991,730,769.231","2,243,122,001.777","2,281,237,565.647","1,659,151,437.932","1,941,236,427.32","1,676,386,420.369","1,628,282,482.904","1,553,312,116.136","2,250,961,623.291","1,472,764,150.943","1,755,495,953.757","931,600,000","1,504,637,828.668","1,327,396,803.336","717,905,154.639","801,200,000","1,132,000,000","1,851,452,069.717","1,849,689,497.717","2,266,758,483.034","1,475,675,539.93","1,456,573,259.053","1,287,000,000"
InterestIncome,"558,000,000","154,000,000","162,000,000","114,000,000","131,000,000","-1,622,000,000","571,000,000","143,000,000","145,000,000","160,000,000",,"326,000,000","134,000,000","141,000,000",,,"121,000,000","170,000,000",,,"178,000,000","210,000,000","-23,000,000","340,000,000","441,000,000","170,000,000","482,000,000","439,000,000","487,000,000","748,813,902.897","485,019,282.112","835,000,000","677,000,000","693,000,000","1,103,000,000","1,127,000,000","1,045,000,000","1,151,000,000","555,000,000","511,000,000","413,000,000","578,000,000","499,000,000","485,000,000","337,000,000",,,,,,,,,,,,,,,,,,,,,,,,,,,,,,,,,,,,
InterestExpense,"6,684,000,000","1,856,000,000","2,004,000,000","1,541,000,000","988,000,000","-284,000,000","1,203,000,000","1,104,000,000","1,519,000,000","1,156,000,000","2,343,000,000","2,135,000,000","1,625,000,000","1,518,000,000","2,193,000,000","1,727,000,000","1,357,000,000","1,357,000,000","3,226,000,000","1,969,000,000","1,110,000,000","821,000,000","525,000,000","1,006,000,000","782,000,000","377,000,000","371,000,000","618,000,000","601,000,000","-55,177,988.727","541,382,379.116","444,000,000","489,000,000","767,000,000","239,000,000","182,000,000","388,000,000","380,000,000","441,000,000","466,000,000","356,000,000","284,000,000","529,000,000","356,000,000","126,000,000",,,,,,,,,,,,,,,,,,,,,,,,,,,,,,,,,,,,
NetInterestIncome,"-5,756,000,000","-891,000,000","-2,086,000,000","-1,259,000,000","-1,346,000,000","-331,000,000","-632,000,000","-209,000,000","-1,464,000,000","-1,378,000,000","-2,343,000,000","-1,809,000,000","-1,517,000,000","-2,097,000,000","-2,193,000,000","-1,727,000,000","-1,349,000,000","-1,037,000,000","-3,226,000,000","-1,969,000,000","-1,075,000,000","-405,000,000","1,000,000","-666,000,000","-341,000,000","-560,000,000","195,000,000","-179,000,000","-114,000,000","966,991,891.625","-56,363,097.004","391,000,000","263,000,000","-2,517,000,000","864,000,000","945,000,000","657,000,000","771,000,000","114,000,000","45,000,000","57,000,000","294,000,000","-30,000,000","129,000,000","211,000,000",,,,,,,,,,,,,,,,,,,,,,,,,,,,,,,,,,,,
EBIT,"18,687,000,000","3,690,000,000","2,868,000,000","9,359,000,000","2,678,000,000","1,347,000,000","4,281,000,000","5,078,000,000","4,934,000,000","-1,470,000,000","2,504,000,000","4,237,000,000","3,893,000,000","3,096,000,000","1,309,000,000","2,048,000,000","1,317,000,000","-10,725,000,000","1,702,000,000","3,078,000,000","3,748,000,000","-12,378,000,000","-1,838,000,000","4,535,000,000","3,991,000,000","2,068,000,000","2,542,000,000","4,457,000,000","6,310,000,000","5,022,218,332.839","4,606,941,560.368","-347,000,000","7,488,000,000","5,551,000,000","4,422,000,000","9,619,000,000","9,082,000,000","7,548,000,000","7,455,000,000","6,189,000,000","6,282,000,000","6,087,000,000","6,541,000,000","6,555,000,000","4,173,000,000","4,220,000,000","7,687,000,000","9,547,000,000","6,269,000,000","6,033,000,000","5,938,000,000","5,668,000,000","3,847,000,000","4,012,000,000","5,123,000,000","5,444,000,000","5,709,000,000","4,906,000,000","4,668,000,000","4,112,000,000","3,629,000,000","2,526,000,000","2,756,000,000","2,687,000,000","2,620,000,000","2,797,000,000","2,816,000,000","2,459,000,000","2,899,000,000","1,567,000,000","1,881,000,000","1,857,000,000","1,188,000,000","1,484,000,000","1,699,000,000","2,103,000,000","6,554,000,000","2,560,000,000","2,294,000,000","2,151,000,000","2,155,000,000"
EBITDA,"33,523,000,000"
ReconciledCostOfRevenue,"31,054,000,000","10,864,000,000","11,855,000,000","9,811,181,953.253","10,548,000,000","16,074,000,000","16,103,000,000","14,636,000,000","14,704,000,000","15,804,000,000","15,988,000,000","14,181,000,000","14,174,000,000","14,477,000,000","14,506,000,000","13,818,000,000","12,616,000,000","15,160,000,000","16,484,000,000","17,701,000,000","18,140,000,000","24,760,000,000","30,070,000,000","28,382,000,000","26,265,000,000","28,119,000,000","26,707,000,000","26,531,000,000","26,897,000,000","31,577,805,003.461","27,542,272,322.753","26,502,000,000","25,959,000,000","32,031,000,000","24,526,000,000","25,716,000,000","19,033,000,000","19,509,000,000","18,472,000,000","17,456,000,000","15,257,000,000","13,950,000,000","14,350,000,000","10,862,000,000","10,020,000,000","13,569,000,000","23,458,000,000","20,078,000,000","15,760,000,000","15,492,000,000","13,761,000,000","11,202,000,000","10,757,000,000","11,706,000,000","11,819,000,000","9,207,000,000","8,263,000,000","9,475,000,000","8,733,000,000","7,431,000,000","5,206,000,000","6,458,000,000","5,840,000,000","4,510,000,000","3,985,000,000","4,035,000,000","4,161,000,000","3,945,000,000","3,255,000,000","3,584,000,000","2,852,000,000","2,951,000,000","2,533,000,000","3,233,000,000","3,423,000,000","3,292,000,000","3,261,000,000","3,618,000,000","3,858,000,000","3,090,000,000","2,862,000,000"
ReconciledDepreciation,"14,836,000,000","3,631,000,000","3,776,000,000","1,035,818,046.747","3,716,000,000","2,869,000,000","748,345,914.037","3,011,000,000","3,409,000,000","3,217,000,000","3,440,000,000","3,227,000,000","3,423,000,000","3,410,000,000","3,916,000,000","3,404,000,000","3,235,000,000","3,011,000,000","2,667,000,000","2,939,000,000","2,974,000,000","3,460,000,000","3,092,000,000","3,458,000,000","3,013,000,000","3,296,000,000","3,320,000,000","3,374,000,000","3,198,000,000","3,287,001,582.122","2,437,998,417.878","2,708,000,000","2,686,000,000","3,213,000,000","2,590,000,000","2,521,000,000","2,275,000,000","2,299,000,000","2,078,000,000","2,088,000,000","2,042,000,000","2,284,000,000","2,013,000,000","1,563,000,000","1,328,000,000","1,285,000,000","1,662,000,000","1,531,000,000","1,450,000,000","1,728,000,000","1,277,000,000","1,382,000,000","1,157,000,000","1,057,000,000","983,000,000","830,000,000","803,000,000","812,000,000","728,000,000","708,000,000","670,000,000","642,000,000","674,000,000","559,000,000","606,000,000","475,000,000","599,000,000","414,000,000","317,000,000","327,000,000","602,000,000","578,000,000","444,000,000","375,000,000","297,000,000","449,000,000","610,000,000","557,000,000","313,000,000","786,000,000","387,000,000"
NetIncomeFromContinuingOperationNetMinorityInterest,"7,591,000,000","1,981,000,000","-66,000,000","4,734,000,000","1,070,000,000","551,000,000","1,683,000,000","2,794,000,000","2,145,000,000","-1,687,000,000","83,000,000","96,000,000","1,417,000,000","754,000,000","-5,380,000,000","106,000,000","-318,000,000","-9,421,000,000","-1,062,000,000","171,000,000","1,862,000,000","-9,722,000,000","-2,150,000,000","2,225,000,000","2,280,000,000","2,760,000,000","1,484,000,000","2,996,000,000","3,854,000,000","4,391,559,576.782","2,752,397,903.688","-685,000,000","5,212,000,000","3,090,000,000","3,859,000,000","6,857,000,000","6,524,000,000","5,896,000,000","4,725,000,000","4,246,000,000","4,317,000,000","5,143,000,000","3,734,000,000","3,991,000,000","2,636,000,000","2,166,000,000","5,997,000,000","6,215,000,000","4,501,000,000","2,812,000,000","3,833,000,000","4,334,000,000","2,159,000,000","2,786,000,000","3,526,000,000","3,351,000,000","3,163,000,000","3,365,000,000","2,656,000,000","2,119,000,000","2,046,000,000","1,707,000,000","1,839,000,000","1,307,000,000","1,337,000,000","894,000,000","1,897,000,000","1,459,000,000","1,612,000,000","73,000,000","752,000,000","873,000,000","613,000,000","143,000,000","658,000,000","1,469,000,000","1,221,000,000","1,627,000,000","1,283,000,000","1,211,000,000","1,221,000,000"
TotalUnusualItemsExcludingGoodwill,"-180,000,000","-845,000,000","-2,282,000,000","4,069,000,000","-1,260,000,000","-4,065,000,000","-1,241,000,000","-1,609,000,000","-400,000,000","-2,154,000,000","-46,000,000","-938,000,000","-1,451,000,000","-598,000,000","-4,710,000,000",,"-1,268,000,000","-13,124,000,000",,,"-1,039,000,000","-15,889,000,000","-428,000,000","244,000,000","237,000,000","-289,000,000","-767,000,000","-1,536,000,000","474,000,000","1,933,940,274.894","-1,393,750,618.016","-4,608,000,000","-1,268,000,000","-1,897,000,000","-4,830,000,000","-379,000,000","-89,000,000","3,095,000,000","-402,000,000","-1,452,000,000","-1,370,000,000","1,882,000,000","-812,000,000","-920,000,000","-841,000,000","-1,377,000,000","1,228,000,000","-981,000,000","-53,000,000","-791,000,000","-597,000,000","-204,000,000","-16,000,000","-286,000,000","-334,000,000","-199,000,000","-374,000,000","-1,458,000,000","-539,000,000","-168,000,000","-374,000,000","62,000,000","-116,000,000","-603,000,000","-412,000,000","-1,034,000,000","-423,000,000","-20,000,000","-231,000,000","-1,431,000,000","-1,180,000,000","-749,000,000","-166,000,000","-1,097,000,000","-790,000,000","-478,000,000","-833,000,000","-788,000,000","-299,000,000","-364,000,000","-110,000,000"
TotalUnusualItems,"-180,000,000","-845,000,000","-2,282,000,000","4,069,000,000","-1,260,000,000","-4,065,000,000","-1,241,000,000","-1,609,000,000","-400,000,000","-2,154,000,000","-46,000,000","-938,000,000","-1,451,000,000","-598,000,000","-4,710,000,000",,"-1,268,000,000","-13,124,000,000",,,"-1,039,000,000","-15,889,000,000","-428,000,000","244,000,000","237,000,000","-289,000,000","-767,000,000","-1,536,000,000","474,000,000","1,933,940,274.894","-1,393,750,618.016","-4,608,000,000","-1,268,000,000","-1,897,000,000","-4,830,000,000","-379,000,000","-89,000,000","3,095,000,000","-402,000,000","-1,452,000,000","-1,370,000,000","1,882,000,000","-812,000,000","-920,000,000","-841,000,000","-1,377,000,000","1,228,000,000","-981,000,000","-53,000,000","-791,000,000","-597,000,000","-204,000,000","-16,000,000","-286,000,000","-334,000,000","-199,000,000","-374,000,000","-1,458,000,000","-539,000,000","-168,000,000","-374,000,000","62,000,000","-116,000,000","-603,000,000","-412,000,000","-1,034,000,000","-423,000,000","-20,000,000","-231,000,000","-1,431,000,000","-1,180,000,000","-749,000,000","-166,000,000","-1,097,000,000","-790,000,000","-478,000,000","-833,000,000","-788,000,000","-299,000,000","-364,000,000","-110,000,000"
NormalizedEBITDA,"33,703,000,000","8,166,000,000","8,926,000,000","6,325,818,046.747","7,654,000,000","8,281,000,000","6,270,345,914.037","9,698,000,000","8,743,000,000","3,901,000,000","5,990,000,000","8,402,000,000","8,767,000,000","7,104,000,000","9,935,000,000","5,452,000,000","5,820,000,000","5,410,000,000","4,369,000,000","6,017,000,000","7,761,000,000","6,971,000,000","1,682,000,000","7,749,000,000","6,767,000,000","5,653,000,000","6,629,000,000","9,367,000,000","9,034,000,000","6,375,279,640.067","8,438,690,596.262","6,969,000,000","11,442,000,000","10,661,000,000","11,842,000,000","12,519,000,000","11,446,000,000","6,752,000,000","9,935,000,000","9,729,000,000","9,694,000,000","6,489,000,000","9,366,000,000","9,038,000,000","6,342,000,000","6,882,000,000","8,121,000,000","12,059,000,000","7,772,000,000","8,552,000,000","7,812,000,000","7,254,000,000","5,020,000,000","5,355,000,000","6,440,000,000","6,473,000,000","6,899,000,000","7,176,000,000","5,945,000,000","5,011,000,000","4,673,000,000","3,131,000,000","3,546,000,000","3,920,000,000","3,638,000,000","4,306,000,000","3,838,000,000","2,893,000,000","3,543,000,000","3,400,000,000","3,748,000,000","3,184,000,000","1,798,000,000","2,956,000,000","2,935,000,000","3,030,000,000","8,035,000,000","3,905,000,000","2,906,000,000","3,301,000,000","2,652,000,000"
TaxRateForCalcs,"0.35","0.34","0.34","0.379","0.334","0.34","0.34","0.324","0.357","0.37","0.194","0.34","0.325","0.34","0.053","0.34","0.34","0.249","0.033","0.34","0.34","0.253","0.34","0.34","0.238","0.34","0.287","0.285","0.312","0.132","0.315","0.34","0.238","0.34","0.221","0.242","0.236","0.185","0.283","0.26","0.263","0.151","0.31","0.194","0.32","0.34","0.323","0.302","0.311","0.374","0.29","0.213","0.38","0.257","0.243","0.337","0.339","0.213","0.377","0.261","0.371","0.228","0.119","0.387","0.293","0.362","0.163","0.312","0.379","0.4","0.362","0.393","0.368","0.4","0.4","0.2","0.245","0.188","0.356","0.325","0.4"
TaxEffectOfUnusualItems,"-63,000,000","-287,300,000","-775,880,000","1,540,578,152.98","-421,242,603.55","-1,382,100,000","-421,940,000","-520,677,906.392","-142,781,844.802","-797,291,698.401","-8,909,090.909","-318,920,000","-471,575,000","-203,320,000","-248,994,145.822","0","-431,120,000","-3,273,939,414.004","0","0","-353,260,000","-4,014,684,066.975","-145,520,000","82,969,679.796","56,406,000","-98,260,000","-220,101,796.407","-438,114,092.212","147,888,000","254,700,413.462","-438,650,930.248","-1,566,720,000","-301,827,118.16","-644,361,413.043","-1,069,227,826.918","-91,808,201.759","-20,975,500.345","572,540,457.589","-113,653,550.043","-377,271,361.174","-360,647,991.9","283,451,318.284","-252,027,944.112","-178,241,651.879","-269,527,304.176","-468,180,000","396,661,051.673","-296,747,287.169","-16,478,050.988","-295,862,243.773","-172,950,410.21","-43,363,389.462","-6,086,307.938","-73,619,565.217","-81,001,464.742","-66,981,417.625","-126,738,756.355","-311,118,268.747","-203,269,230.769","-43,877,998.223","-138,762,434.353","14,151,437.932","-13,763,572.68","-233,613,579.631","-120,717,517.096","-374,687,883.864","-69,038,376.709","-6,235,849.057","-87,504,046.243","-572,400,000","-427,362,171.332","-294,603,196.664","-61,094,845.361","-438,800,000","-316,000,000","-95,547,930.283","-204,310,502.283","-148,241,516.966","-106,324,460.07","-118,426,740.947","-44,000,000"