name,ttm,12/31/2019,12/31/2018,12/31/2017,12/31/2016,12/31/2015,12/31/2014,12/31/2013,12/31/2012,12/31/2011,12/31/2010,12/31/2009,12/31/2008,12/31/2007,12/31/2006,12/31/2005,12/31/2004,12/31/2003,12/31/2002,12/31/2001,12/31/2000,12/31/1999,12/31/1998,12/31/1997,12/31/1996,12/31/1995,12/31/1994,12/31/1993
TotalRevenue,"5,301,400,000","5,301,400,000","3,587,918,000","3,147,970,000","3,034,380,000","2,838,358,000","2,590,527,000","2,918,754,000","2,899,465,000","2,742,257,000","2,459,111,000","2,369,275,000","2,423,053,000","2,436,793,000","2,351,463,000","1,412,466,000","1,140,689,000","1,162,995,000","657,546,000","519,392,000","294,123,000","171,500,000","154,100,000","111,500,000","62,800,000","57,700,000","46,000,000","42,200,000"
	OperatingRevenue,"5,301,400,000","5,301,400,000","3,530,637,000","3,305,406,000","3,193,044,000","2,993,345,000","2,740,846,000","3,089,393,000","3,044,205,000","2,742,257,000","2,459,111,000","2,369,275,000","2,423,053,000","2,436,793,000","2,351,463,000","1,412,466,000","1,140,689,000","1,162,995,000","657,546,000","519,392,000","294,123,000","171,500,000","154,100,000","111,500,000","62,800,000","57,700,000","46,000,000","42,200,000"
CostOfRevenue,"2,954,500,000","2,954,500,000","2,047,964,000","1,812,897,000","1,757,848,000","1,621,576,000","1,468,760,000","1,663,891,000","1,686,516,000","1,620,739,000","1,464,897,000","1,427,861,000","1,427,470,000","1,402,638,000","1,306,770,000","855,134,000","681,455,000","708,334,000","405,003,000","314,559,000","189,926,000","91,700,000","85,700,000","67,700,000","38,200,000","35,900,000","29,800,000","28,200,000"
GrossProfit,"2,346,900,000","2,346,900,000","1,539,954,000","1,335,073,000","1,276,532,000","1,216,782,000","1,121,767,000","1,254,863,000","1,212,949,000","1,121,518,000","994,214,000","941,414,000","995,583,000","1,034,155,000","1,044,693,000","557,332,000","459,234,000","454,661,000","252,543,000","204,833,000","104,197,000","79,800,000","68,400,000","43,800,000","24,600,000","21,800,000","16,200,000","14,000,000"
OperatingExpense,"1,601,900,000","1,601,900,000","905,862,000","781,838,000","734,242,000","708,894,000","1,046,774,000","894,310,000","777,589,000","621,937,000","616,279,000","603,635,000","600,691,000","536,346,000","466,852,000","313,784,000","245,454,000","271,478,000","150,420,000","127,121,000","58,310,000","58,600,000","48,800,000","31,600,000","15,400,000","13,600,000","11,500,000","11,600,000"
	SellingGeneralAndAdministration,"1,187,700,000","1,187,700,000","618,951,000","514,776,000","463,028,000","449,433,000","867,793,000","595,984,000","532,241,000","410,461,000","418,938,000","409,199,000","427,146,000","388,431,000","436,632,000","191,933,000","179,669,000","203,991,000","113,964,000","95,028,000","44,716,000","19,500,000","19,100,000","16,200,000","14,000,000","12,700,000","10,800,000","7,600,000"
		GeneralAndAdministrativeExpense,"1,187,700,000","1,187,700,000","618,951,000","514,776,000","463,028,000","449,433,000","867,793,000","595,984,000","532,241,000",,,,,,"329,716,000",,,,,,,,,,,,,
			RentAndLandingFees,,,,,,,"421,388,000","69,502,000",,,,,,,,,,,,,,,,,,,,
			OtherGandA,"1,187,700,000","1,187,700,000","618,951,000","514,776,000","463,028,000","449,433,000","446,405,000","526,482,000","532,241,000",,,,,,"329,716,000",,,,,,,,,,,,,
		SellingAndMarketingExpense,,,,,,,,,,,,,,,"106,916,000",,,,,,,,,,,,,
	DepreciationAmortizationDepletionIncomeStatement,"414,200,000","414,200,000","268,990,000","267,062,000","271,214,000","259,461,000","178,981,000","298,326,000","245,348,000","211,476,000","212,387,000","194,436,000","173,545,000","147,915,000","123,951,000","72,531,000","65,785,000","67,487,000","36,456,000","32,093,000","13,594,000","8,700,000","5,700,000","4,000,000","1,400,000","900,000","700,000","600,000"
		DepreciationAndAmortizationInIncomeStatement,"414,200,000","414,200,000","268,990,000","267,062,000","271,214,000","259,461,000","178,981,000","298,326,000","245,348,000","211,476,000","212,387,000","194,436,000","173,545,000","147,915,000","123,951,000","72,531,000","65,785,000","67,487,000","36,456,000","32,093,000","13,594,000","8,700,000","5,700,000","4,000,000","1,400,000","900,000","700,000","600,000"
	OtherOperatingExpenses,,,"17,921,000",,,,,,,,"-15,046,000",,"481,333,000",,"-93,731,000","49,320,000",,,,,,"30,400,000","24,000,000","11,400,000",,,,"3,400,000"
OperatingIncome,"745,000,000","745,000,000","634,092,000","553,235,000","542,290,000","507,888,000","74,993,000","360,553,000","435,360,000","499,581,000","377,935,000","337,779,000","394,892,000","497,809,000","577,841,000","243,548,000","213,780,000","183,183,000","102,123,000","77,712,000","45,887,000","21,200,000","19,600,000","12,200,000","9,200,000","8,200,000","4,700,000","2,400,000"
NetNonOperatingInterestIncomeExpense,"-534,200,000","-534,200,000","-538,412,000","-463,209,000","-435,057,000","-431,596,000","-42,252,000","-95,705,000","-80,492,000","-99,141,000","-128,636,000","-128,462,000","-161,465,000",,,,,,,,,,,,,,,
	InterestIncomeNonOperating,"1,400,000","1,400,000","1,005,000","3,552,000","24,186,000","11,531,000","3,730,000","1,387,000","948,000","423,000","1,579,000","6,522,000","8,362,000",,,,,,,,,,,,,,,
	InterestExpenseNonOperating,"535,600,000","535,600,000","539,417,000","466,761,000","459,243,000","443,127,000","45,982,000","97,092,000","81,440,000","99,564,000","130,215,000","134,984,000","169,827,000",,,,,,,,,,,,,,,
	TotalOtherFinanceCost,"534,200,000","534,200,000",,,,,,,,,,,,,,,,,,,,,,,,,,
OtherIncomeExpense,"-124,700,000","-124,700,000","-5,759,000","-115,070,000","13,384,000","-19,682,000","-304,522,000","-1,180,725,000","9,658,000","-11,208,000","-244,781,000","-537,198,000","-281,012,000","-11,526,000","78,625,000","-65,865,000","-2,525,000","-4,298,000","-3,854,000","1,735,000","39,000","-3,300,000","900,000","-1,500,000","400,000","300,000","100,000","900,000"
	EarningsFromEquityInterest,"28,400,000","28,400,000","22,326,000","18,671,000","14,337,000","14,488,000","7,949,000","9,657,000","3,804,000","7,364,000","-25,974,000","-1,121,000","-1,526,000","-99,000","-788,000","1,455,000","1,634,000","1,825,000","1,965,000","2,531,000",,,,,,,,
	SpecialIncomeCharges,"-173,100,000","-173,100,000","-20,964,000","-131,484,000","726,000","-40,042,000","-315,415,000","-1,194,185,000","7,229,000","-18,572,000","-218,807,000","-536,077,000","-279,486,000","-11,427,000","79,413,000","-67,320,000","-4,159,000","-6,123,000","-5,819,000","-796,000","39,000","-3,300,000","900,000","-1,500,000","400,000","300,000","100,000","900,000"
		RestructuringAndMergernAcquisition,,,,,,,,,,,"0","0","-195,426,000",,,,,,,,,,,,,,,
		ImpairmentOfCapitalAssets,,,,,,,,,,"0","224,709,000","532,377,000","481,333,000",,,,,,,,,,,,,,,
		WriteOff,"173,100,000","173,100,000",,"107,810,000",,"40,042,000","321,089,000","1,132,417,000","0",,,,,,,,,,,,,,,,,,,
		OtherSpecialCharges,,,"20,964,000","23,674,000","-726,000",,"-5,674,000","61,768,000","-7,229,000","18,572,000","-5,902,000","3,700,000","-6,421,000",,,,,,,,,,,,,,,
		GainOnSaleOfBusiness,,,,,,,,,,"7,364,000",,,,,,,,,,,,,,,,,,
	OtherNonOperatingIncomeExpenses,"20,000,000","20,000,000","-7,121,000","-2,257,000","-1,679,000","5,872,000","2,944,000","3,803,000","-1,375,000",,,,,,,,,,,,,,,,,,,
PretaxIncome,"86,100,000","86,100,000","89,921,000","-25,044,000","120,617,000","56,610,000","-271,781,000","-915,877,000","364,526,000","389,232,000","4,518,000","-327,881,000","-47,585,000","292,240,000","369,932,000","141,770,000","137,628,000","83,163,000","57,718,000","36,366,000","28,712,000","10,500,000","12,000,000","6,100,000","9,300,000","8,500,000","4,100,000","2,400,000"
TaxProvision,"43,000,000","43,000,000","-3,593,000","-498,507,000","11,307,000","55,924,000","-38,586,000","-121,538,000","152,555,000","146,881,000","66,178,000","-60,468,000","105,738,000","132,187,000","156,852,000","54,593,000","50,288,000","31,692,000","21,704,000","12,608,000","10,137,000","3,800,000","4,500,000","2,300,000","3,800,000","3,500,000","1,400,000","1,100,000"
NetIncomeCommonStockholders,"43,900,000","43,900,000","93,519,000","473,463,000","100,648,000","686,000","-233,195,000","-794,339,000","211,971,000","242,351,000","-59,467,000","-264,948,000","-153,323,000","160,053,000","327,088,000","120,930,000","71,484,000","51,471,000","30,863,000","23,758,000","11,992,000","6,700,000","7,500,000","2,300,000","5,500,000","5,000,000","2,800,000","1,300,000"
	NetIncome,"43,900,000","43,900,000","93,519,000","473,463,000","109,310,000","686,000","-233,195,000","-794,339,000","211,971,000","242,351,000","-59,467,000","-264,948,000","-153,323,000","160,053,000","327,088,000","120,930,000","71,484,000","51,471,000","30,863,000","23,758,000","11,992,000","6,700,000","7,500,000","2,300,000","5,500,000","5,000,000","2,800,000","1,300,000"
		NetIncomeIncludingNoncontrollingInterests,"43,100,000","43,100,000","93,514,000","473,463,000","109,310,000","686,000","-233,195,000","-794,339,000","211,971,000","242,351,000","-61,660,000","-267,413,000","-153,323,000","160,053,000","327,088,000","120,930,000","71,484,000","51,471,000","30,863,000","23,758,000","11,992,000","6,700,000","7,500,000","2,300,000","5,500,000","5,000,000","2,800,000","1,300,000"
			NetIncomeContinuousOperations,"43,100,000","43,100,000","93,514,000","473,463,000","109,310,000","686,000","-233,195,000","-794,339,000","211,971,000","242,351,000","-61,660,000","-267,413,000","-153,323,000","160,053,000","213,080,000","87,177,000","87,340,000","51,471,000","36,014,000","23,758,000","18,575,000","6,700,000","7,500,000","3,800,000","5,500,000","5,000,000","2,700,000","1,300,000"
			NetIncomeDiscontinuousOperations,,,,,,,,,,,,,"0",,"114,008,000","33,753,000","-15,856,000",,,,,,,,,,,
			NetIncomeFromTaxLossCarryforward,,,,,,,,,,,,,,,,,,,"-5,151,000",,"-6,583,000",,,"-1,500,000",,,"100,000",
		MinorityInterests,"800,000","800,000","5,000",,,,,,"0","0","2,193,000","2,465,000",,,,,,,,,,,,,,,,
	PreferredStockDividends,,,"-5,000",,"8,662,000",,,,,,,,,,,,,,,,,,,,,,,
DilutedNIAvailtoComStockholders,"43,900,000","43,900,000","93,519,000","473,463,000","100,648,000","686,000","-233,195,000","-794,339,000","211,971,000","242,351,000","-59,467,000","-264,948,000","-153,323,000","160,053,000","327,088,000","120,930,000","71,484,000","51,471,000","30,863,000","23,758,000","11,992,000","6,700,000","7,500,000","2,300,000","5,500,000","5,000,000","2,800,000","1,300,000"
BasicEPS,,"0.38","0.96","5.53","1.21","0.01","-2.97","-10.17","2.24","2.52","-0.76","-3.39","-1.81","1.87","3.88","1.46","0.89","0.65","0.41","0.388","0.2","0.113","0.125","0.038","0.098","0.098","0.055","0.038"
DilutedEPS,,"0.37","0.93","5.39","1.19","0.01","-2.97","-10.17","2.04","2.26","-0.76","-3.39","-1.81","1.81","3.78","1.41","0.86","0.635","0.395","0.373","0.195","0.11","0.123","0.038","0.098","0.098","0.055","0.038"
BasicAverageShares,,"115,700,000","97,105,000","90,854,000","82,929,000","80,003,000","78,425,000","78,111,000","76,345,000","77,991,000","78,079,000","78,122,000","84,536,000","85,589,840","84,301,031","82,828,767","80,510,000","78,946,000","75,550,000","61,308,000","59,872,000","59,348,000","60,060,000","59,700,000","56,080,000","51,282,051","50,909,091","36,363,636"
DilutedAverageShares,,"117,800,000","100,338,000","93,378,000","91,407,000","90,904,000","78,425,000","78,111,000","103,804,000","107,051,000","78,079,000","78,122,000","84,536,000","88,427,072","86,531,217","85,765,957","83,508,000","81,224,000","78,188,000","63,672,000","61,772,000","60,784,000","61,496,000","61,832,000","56,080,000","51,282,051","50,909,091","36,363,636"
TotalOperatingIncomeAsReported,"571,900,000","571,900,000","634,092,000","445,714,000","543,016,000","467,846,000","-240,422,000","-771,972,000","442,589,000","499,581,000","153,226,000","-194,598,000","-86,441,000",,,,,,,,,,,,,,,
RentExpenseSupplemental,,,,,,,"421,388,000","69,502,000",,,,,,,,,,,,,,,,,,,,
TotalExpenses,"4,556,400,000","4,556,400,000","2,953,826,000","2,594,735,000","2,492,090,000","2,330,470,000","2,515,534,000","2,558,201,000","2,464,105,000","2,242,676,000","2,081,176,000","2,031,496,000","2,028,161,000","1,938,984,000","1,773,622,000","1,168,918,000","926,909,000","979,812,000","555,423,000","441,680,000","248,236,000","150,300,000","134,500,000","99,300,000","53,600,000","49,500,000","41,300,000","39,800,000"
NetIncomeFromContinuingAndDiscontinuedOperation,"43,900,000","43,900,000","93,519,000","473,463,000","109,310,000","686,000","-233,195,000","-794,339,000","211,971,000","242,351,000","-59,467,000","-264,948,000","-153,323,000","160,053,000","327,088,000","120,930,000","71,484,000","51,471,000","36,014,000","23,758,000","18,575,000","6,700,000","7,500,000","3,800,000","5,500,000","5,000,000","2,700,000","1,300,000"
NormalizedIncome,"170,263,000","170,263,000","108,822,720","552,353,400","108,652,244","24,711,200","37,431,070","241,019,395","207,272,150","253,914,650.399","82,757,550","172,265,375.587","28,342,900","167,480,550","165,432,200","128,573,315.441","89,979,339.815","55,260,629.198","39,644,851.138","24,278,028.818","18,549,769.26","8,805,714.286","6,937,500","4,734,426.23","5,260,000","4,820,000","2,634,146.341","760,000"
InterestIncome,"1,400,000","1,400,000","1,005,000","3,552,000","24,186,000","11,531,000","3,730,000","1,387,000","948,000","423,000","1,579,000","6,522,000","8,362,000",,,,,,,,,,,,,,,
InterestExpense,"535,600,000","535,600,000","539,417,000","466,761,000","459,243,000","443,127,000","45,982,000","97,092,000","81,440,000","99,564,000","130,215,000","134,984,000","169,827,000",,,,,,,,,,,,,,,
NetInterestIncome,"-534,200,000","-534,200,000","-538,412,000","-463,209,000","-435,057,000","-431,596,000","-42,252,000","-95,705,000","-80,492,000","-99,141,000","-128,636,000","-128,462,000","-161,465,000",,,,,,,,,,,,,,,
EBIT,"621,700,000","621,700,000","629,338,000","441,717,000","579,860,000","499,737,000","-225,799,000","-818,785,000","445,966,000","488,796,000","134,733,000","-192,897,000","122,242,000","497,809,000","577,841,000","243,548,000","213,780,000","183,183,000","102,123,000","77,712,000","45,887,000","21,200,000","19,600,000","12,200,000","9,200,000","8,200,000","4,700,000","2,400,000"
EBITDA,"1,035,900,000"
ReconciledCostOfRevenue,"2,954,500,000","2,954,500,000","2,047,964,000","1,812,897,000","1,757,848,000","1,621,576,000","1,468,760,000","1,663,891,000","1,686,516,000","1,620,739,000","1,464,897,000","1,427,861,000","1,415,757,000","1,389,627,000","1,295,409,000","849,441,000","675,930,000","702,570,000","401,710,000","312,115,000","189,926,000","91,700,000","85,700,000","67,700,000","38,200,000","35,900,000","29,800,000","28,200,000"
ReconciledDepreciation,"414,200,000","414,200,000","268,990,000","267,062,000","271,214,000","259,461,000","178,981,000","298,326,000","245,348,000","211,476,000","212,387,000","194,436,000","185,258,000","160,926,000","135,312,000","78,224,000","71,310,000","73,251,000","39,749,000","34,537,000","13,594,000","8,700,000","5,700,000","4,000,000","1,400,000","900,000","700,000","600,000"
NetIncomeFromContinuingOperationNetMinorityInterest,"43,900,000","43,900,000","93,519,000","473,463,000","109,310,000","686,000","-233,195,000","-794,339,000","211,971,000","242,351,000","-59,467,000","-264,948,000","-153,323,000","160,053,000","213,080,000","87,177,000","87,340,000","51,471,000","36,014,000","23,758,000","18,575,000","6,700,000","7,500,000","3,800,000","5,500,000","5,000,000","2,700,000","1,300,000"
TotalUnusualItemsExcludingGoodwill,"-173,100,000","-173,100,000","-20,964,000","-131,484,000","726,000","-40,042,000","-315,415,000","-1,194,185,000","7,229,000","-18,572,000","-218,807,000","-536,077,000","-279,486,000","-11,427,000","79,413,000","-67,320,000","-4,159,000","-6,123,000","-5,819,000","-796,000","39,000","-3,300,000","900,000","-1,500,000","400,000","300,000","100,000","900,000"
TotalUnusualItems,"-173,100,000","-173,100,000","-20,964,000","-131,484,000","726,000","-40,042,000","-315,415,000","-1,194,185,000","7,229,000","-18,572,000","-218,807,000","-536,077,000","-279,486,000","-11,427,000","79,413,000","-67,320,000","-4,159,000","-6,123,000","-5,819,000","-796,000","39,000","-3,300,000","900,000","-1,500,000","400,000","300,000","100,000","900,000"
NormalizedEBITDA,"1,209,000,000","1,209,000,000","919,292,000","840,263,000","850,348,000","799,240,000","268,597,000","673,726,000","684,085,000","718,844,000","565,927,000","537,616,000","586,986,000","670,162,000","633,740,000","389,092,000","289,249,000","262,557,000","147,691,000","113,045,000","59,442,000","33,200,000","24,400,000","17,700,000","10,200,000","8,800,000","5,300,000","2,100,000"
TaxRateForCalcs,"0.27","0.27","0.27","0.4","0.094","0.4","0.142","0.133","0.35","0.377","0.35","0.184","0.35","0.35","0.4","0.385","0.365","0.381","0.376","0.347","0.353","0.362","0.375","0.377","0.4","0.4","0.341","0.4"
TaxEffectOfUnusualItems,"-46,737,000","-46,737,000","-5,660,280","-52,593,600","68,244","-16,016,800","-44,788,930","-158,826,605","2,530,150","-7,008,349.601","-76,582,450","-98,863,624.413","-97,820,100","-3,999,450","31,765,200","-25,923,684.559","-1,519,660.185","-2,333,370.802","-2,188,148.862","-275,971.182","13,769.26","-1,194,285.714","337,500","-565,573.77","160,000","120,000","34,146.341","360,000"