name,ttm,12/31/2019,09/30/2019,06/30/2019,03/31/2019,12/31/2018,09/30/2018,06/30/2018,03/31/2018,12/31/2017,09/30/2017,06/30/2017,03/31/2017,12/31/2016,09/30/2016,06/30/2016,03/31/2016,12/31/2015,09/30/2015,06/30/2015,03/31/2015,12/31/2014,09/30/2014,06/30/2014,03/31/2014,12/31/2013,09/30/2013,06/30/2013,03/31/2013,12/31/2012,09/30/2012,06/30/2012,03/31/2012,12/31/2011,09/30/2011,06/30/2011,03/31/2011,12/31/2010,09/30/2010,06/30/2010,03/31/2010,12/31/2009,09/30/2009,06/30/2009,03/31/2009,12/31/2008,09/30/2008,06/30/2008,03/31/2008,12/31/2007,09/30/2007,06/30/2007,03/31/2007,12/31/2006,09/30/2006,06/30/2006,03/31/2006,12/31/2005,09/30/2005,06/30/2005,03/31/2005,12/31/2004,09/30/2004,06/30/2004,03/31/2004,12/31/2003,09/30/2003,06/30/2003,03/31/2003,12/31/2002,09/30/2002,06/30/2002,03/31/2002,12/31/2001,09/30/2001,06/30/2001,03/31/2001,12/31/2000,09/30/2000,06/30/2000,03/31/2000,12/31/1999,09/30/1999,06/30/1999,03/31/1999,12/31/1998,09/30/1998,06/30/1998,03/31/1998
TotalRevenue,"64,785,709,000,000","16,461,910,000,000","15,988,226,000,000","16,321,335,000,000","16,014,238,000,000","16,798,330,000,000","16,410,726,000,000","16,083,296,000,000","15,862,284,000,000","15,129,162,000,000","15,036,118,000,000","14,944,404,000,000","15,077,184,000,000","14,873,629,000,000","12,747,560,000,000","12,857,384,000,000","12,461,199,000,000","14,235,873,000,000","13,995,992,000,000","15,189,492,000,000","15,100,912,000,000","16,345,080,000,000","16,269,845,000,000","16,703,572,000,000","15,440,128,000,000","16,529,436,000,000","15,150,222,000,000","15,603,109,000,000","14,581,883,000,000","15,068,207,000,000","15,739,060,000,000","16,488,239,000,000","16,308,644,000,000","18,687,966,000,000","16,953,442,000,000","17,046,753,000,000","16,250,564,000,000","37,231,599,000,000","8,524,040,000,000","7,932,695,000,000","6,949,526,000,000","17,189,188,000,000","6,850,514,000,000","6,343,996,000,000","6,471,303,000,000","19,405,518,000,000","8,812,977,000,000","7,457,958,000,000","6,066,183,000,000","8,548,168,183,041.6","7,692,487,032,495.96","7,625,106,524,771.01","7,569,059,696,001.09","6,058,508,944,593.57","6,930,767,066,640","5,925,925,948,800","5,926,070,063,800","6,220,443,737,333.26","6,581,419,648,700","6,432,000,000,000","6,438,000,000,000","5,798,000,017,360","5,786,666,660,880","5,779,999,994,220","5,819,999,994,180","5,772,916,679,550","4,294,444,440,150","4,658,750,000,000","3,248,750,000,000","3,434,879,920,979.6","4,206,416,250,000","4,206,416,250,000","2,659,389,926,541","3,324,366,662,767.67","3,272,821,980,626.72","3,235,112,837,425.92","3,312,446,219,280","4,654,796,495,324.1","3,030,405,792,252.8","3,030,405,792,252.8","3,006,940,264,765.06","2,736,670,536,219.22","3,564,642,329,421.36","3,025,718,756,777.61","2,947,261,566,534.12","3,496,239,713,189","3,496,357,222,002","3,135,840,183,718","3,135,840,183,718"
	OperatingRevenue,"64,348,898,000,000","16,342,096,000,000","15,880,929,000,000","16,228,945,000,000","15,896,928,000,000","16,657,312,000,000","16,280,175,000,000","15,954,920,000,000","15,749,571,000,000","14,664,070,000,000","15,036,118,000,000","14,944,404,000,000","15,077,184,000,000","14,391,284,000,000","12,747,560,000,000","12,857,384,000,000","12,461,199,000,000","13,767,972,000,000","13,995,992,000,000","15,189,492,000,000","15,100,912,000,000","15,983,769,000,000","16,269,845,000,000","16,703,572,000,000","15,440,128,000,000","16,086,110,000,000","15,150,222,000,000","15,603,109,000,000","14,581,883,000,000","14,737,203,000,000","15,739,060,000,000","16,488,239,000,000","16,308,644,000,000","18,687,966,000,000","16,953,442,000,000","17,046,753,000,000","16,250,564,000,000","37,231,599,000,000","8,524,040,000,000","7,932,695,000,000","6,949,526,000,000","17,189,188,000,000","6,850,514,000,000","6,343,996,000,000","6,471,303,000,000","19,405,518,000,000","8,812,977,000,000","7,457,958,000,000","6,066,183,000,000","8,548,168,183,041.6","7,692,487,032,495.96","7,625,106,524,771.01","7,569,059,696,001.09","6,058,508,944,593.57","6,930,767,066,640","5,925,925,948,800","5,926,070,063,800","6,220,443,737,333.26","6,581,419,648,700","6,432,000,000,000","6,438,000,000,000","5,798,000,017,360","5,786,666,660,880","5,779,999,994,220","5,819,999,994,180","5,772,916,679,550","4,294,444,440,150","4,658,750,000,000","3,248,750,000,000","3,434,879,920,979.6","4,206,416,250,000","4,206,416,250,000","2,659,389,926,541","3,324,366,662,767.67","3,272,821,980,626.72","3,235,112,837,425.92","3,312,446,219,280","4,654,796,495,324.1","3,030,405,792,252.8","3,030,405,792,252.8","3,006,940,264,765.06","2,736,670,536,219.22","3,564,642,329,421.36","3,025,718,756,777.61","2,947,261,566,534.12","3,496,239,713,189","3,496,357,222,002","3,135,840,183,718","3,135,840,183,718"
CostOfRevenue,"58,462,100,000,000","15,178,471,000,000","14,375,600,000,000","14,707,162,000,000","14,200,867,000,000","15,713,782,000,000","14,020,283,000,000","13,918,868,000,000","13,476,127,000,000","12,983,550,000,000","13,037,442,000,000","13,075,482,000,000","12,819,122,000,000","13,277,783,000,000","10,785,558,000,000","11,288,360,000,000","10,919,765,000,000","12,820,656,000,000","12,397,755,000,000","13,468,091,000,000","13,303,312,000,000","14,411,497,000,000","14,410,837,000,000","14,890,994,000,000","13,752,157,000,000","14,748,103,000,000","13,602,798,000,000","13,745,519,000,000","12,908,171,000,000","13,415,309,000,000","13,815,274,000,000","14,281,827,000,000","14,630,482,000,000","16,694,762,000,000","14,674,749,000,000","14,375,839,000,000","14,078,500,000,000","33,643,021,000,000","7,028,469,000,000","5,733,870,000,000","5,155,315,000,000","13,828,821,000,000","5,499,854,000,000","5,893,168,000,000","5,815,583,000,000","16,396,516,000,000","6,453,260,000,000","5,204,448,000,000","4,503,295,000,000",,,,,,,"4,588,793,939,840",,,,"4,357,000,000,000",,,,,,,,,"2,288,750,000,000",,,,"2,199,116,715,933.3",,,"2,620,105,055,902.86",,,,,,,,"2,052,962,967,561.6",,,,"2,219,388,951,131",
GrossProfit,"6,323,609,000,000","1,283,439,000,000","1,612,627,000,000","1,614,173,000,000","1,813,371,000,000","1,084,548,000,000","2,390,443,000,000","2,164,428,000,000","2,386,157,000,000","2,145,612,000,000","1,998,676,000,000","1,868,922,000,000","2,258,062,000,000","1,595,846,000,000","1,962,002,000,000","1,569,024,000,000","1,541,434,000,000","1,415,217,000,000","1,598,237,000,000","1,721,401,000,000","1,797,600,000,000","1,933,583,000,000","1,859,008,000,000","1,812,578,000,000","1,687,971,000,000","1,781,333,000,000","1,547,424,000,000","1,857,590,000,000","1,673,712,000,000","1,652,898,000,000","1,923,786,000,000","2,206,412,000,000","1,678,162,000,000","1,993,204,000,000","2,278,693,000,000","2,670,914,000,000","2,172,064,000,000","3,588,578,000,000","1,495,571,000,000","2,198,825,000,000","1,794,211,000,000","3,360,367,000,000","1,350,660,000,000","450,828,000,000","655,720,000,000","3,009,002,000,000","2,359,717,000,000","2,253,510,000,000","1,562,888,000,000",,,,,,,"1,337,132,008,960",,,,"2,075,000,000,000",,,,,,,,,"960,000,000,000",,,,"460,273,210,607.7",,,"615,007,781,523.06",,,,,,,,"972,755,789,216.01",,,,"916,451,232,587",
OperatingExpense,"2,396,156,000,000","675,399,000,000","555,475,000,000","568,838,000,000","602,616,000,000","-223,671,000,000","865,043,000,000","963,079,000,000","885,182,000,000","997,360,000,000","867,775,000,000","856,431,000,000","870,039,000,000","1,057,292,000,000","897,084,000,000","857,016,000,000","909,083,000,000","919,767,000,000","943,371,000,000","1,033,325,000,000","1,074,405,000,000","1,182,369,000,000","971,626,000,000","1,084,469,000,000","956,310,000,000","1,103,107,000,000","913,128,000,000","954,829,000,000","956,471,000,000","2,415,678,000,000","427,667,000,000","1,141,546,000,000","876,511,000,000","933,049,000,000","990,972,000,000","924,463,000,000","816,193,000,000","2,243,985,000,000","387,810,000,000","362,883,000,000","347,095,000,000","1,053,424,000,000","332,907,000,000","284,073,000,000","282,697,000,000","977,527,000,000","376,388,000,000","368,689,000,000","289,237,000,000",,,,,,,"358,974,360,360",,,,"322,000,000,000",,,,,,,,,"188,750,000,000",,,,"183,202,918,193.25",,,"197,535,667,778",,,,,,,,"530,909,723,411.46",,,,"390,246,767,973",
	SellingGeneralAndAdministration,"1,744,178,000,000","461,822,000,000","430,175,000,000","418,558,000,000","433,624,000,000","-437,631,000,000","731,451,000,000","726,972,000,000","735,587,000,000","783,704,000,000","711,090,000,000","698,352,000,000","702,595,000,000","842,277,000,000","729,882,000,000","698,739,000,000","737,596,000,000","781,560,000,000","756,270,000,000","818,129,000,000","845,156,000,000","868,757,000,000","791,040,000,000","770,583,000,000","777,026,000,000","813,524,000,000","732,868,000,000","741,118,000,000","751,968,000,000","1,960,142,000,000","286,719,000,000","928,031,000,000","824,282,000,000","908,705,000,000","1,051,579,000,000","962,443,000,000","758,412,000,000","1,990,594,000,000","345,956,000,000","328,977,000,000","293,218,000,000","824,940,000,000","265,370,000,000","268,457,000,000","259,107,000,000","1,062,185,000,000","348,875,000,000","333,964,000,000","309,547,000,000",,,,,,,"358,974,360,360",,,,"322,000,000,000",,,,,,,,,"188,750,000,000",,,,"183,202,918,193.25",,,"197,415,045,210.02",,,,,,,,"160,614,583,693.11",,,,"163,219,741,257",
		GeneralAndAdministrativeExpense,"1,293,286,000,000","343,658,000,000","320,875,000,000","304,296,000,000","324,458,000,000","336,595,000,000","299,182,000,000","306,065,000,000","338,418,000,000","317,624,000,000","303,303,000,000","279,980,000,000","317,833,000,000","382,767,000,000","336,061,000,000","314,523,000,000","335,317,000,000","323,747,000,000","330,824,000,000","342,290,000,000","384,599,000,000","348,546,000,000","340,512,000,000","311,527,000,000","342,218,000,000","340,321,000,000","319,576,000,000","313,158,000,000","328,639,000,000","928,037,000,000","130,039,000,000","496,722,000,000","389,851,000,000","469,179,000,000","635,616,000,000","578,181,000,000","712,590,000,000","2,501,209,000,000","127,487,000,000","121,252,000,000","100,266,000,000","1,158,255,000,000","87,787,000,000","96,677,000,000","90,036,000,000",,"130,465,000,000","117,729,000,000","115,792,000,000",,,,,,,,,,,,,,,,,,,,,,,,,,,,,,,,,,,,,,,,
			SalariesAndWages,"1,107,387,000,000","294,268,000,000","278,065,000,000","258,787,000,000","276,267,000,000","273,958,000,000","248,255,000,000","255,233,000,000","285,551,000,000","254,715,000,000","255,230,000,000","231,237,000,000","272,292,000,000","327,036,000,000","291,320,000,000","252,820,000,000","276,163,000,000","254,989,000,000","273,847,000,000","258,496,000,000","304,779,000,000","270,542,000,000","259,674,000,000","235,826,000,000","256,266,000,000","253,083,000,000","241,949,000,000","240,698,000,000","252,322,000,000","274,676,000,000","221,328,000,000",,"245,073,000,000",,,,"153,699,000,000","380,833,000,000","49,445,000,000","59,744,000,000","46,382,000,000","347,705,000,000","23,885,000,000","40,762,000,000","42,961,000,000",,"65,222,000,000","46,352,000,000","48,712,000,000",,,,,,,,,,,,,,,,,,,,,,,,,,,,,,,,,,,,,,,,
			RentAndLandingFees,"39,886,000,000","9,789,000,000","9,420,000,000","9,219,000,000","11,458,000,000","16,609,000,000","18,527,000,000","15,935,000,000","18,445,000,000","22,514,000,000","13,752,000,000","17,374,000,000","16,336,000,000","19,423,000,000","11,748,000,000","28,683,000,000","22,151,000,000","25,961,000,000","24,794,000,000","35,620,000,000","33,461,000,000","32,126,000,000","35,237,000,000","34,656,000,000","35,347,000,000","31,704,000,000","27,811,000,000","24,216,000,000","26,460,000,000","25,194,000,000","25,656,000,000",,"17,493,000,000",,,,,"43,778,000,000","6,635,000,000","6,358,000,000","6,117,000,000","17,107,000,000","4,697,000,000","4,599,000,000","4,526,000,000",,"5,743,000,000","5,463,000,000","5,125,000,000",,,,,,,,,,,,,,,,,,,,,,,,,,,,,,,,,,,,,,,,
			InsuranceAndClaims,,,,,,,,,,,,,,,,,,,,,,,,,,,,,,,"1,679,000,000",,"1,874,000,000",,,,,,,,,,"3,540,000,000","2,356,000,000","2,525,000,000",,"2,393,000,000","1,947,000,000","1,673,000,000",,,,,,,,,,,,,,,,,,,,,,,,,,,,,,,,,,,,,,,,
			OtherGandA,"146,013,000,000","39,601,000,000","33,390,000,000","36,290,000,000","36,733,000,000","46,028,000,000","32,400,000,000","34,897,000,000","34,422,000,000","40,395,000,000","34,321,000,000","31,369,000,000","29,205,000,000","36,308,000,000","32,993,000,000","33,020,000,000","37,003,000,000","42,797,000,000","32,183,000,000","48,174,000,000","46,359,000,000","45,878,000,000","45,601,000,000","41,045,000,000","50,605,000,000","55,534,000,000","49,816,000,000","48,244,000,000","49,857,000,000","-817,184,000,000","378,702,000,000","496,722,000,000","125,411,000,000","469,179,000,000","635,616,000,000","578,181,000,000","558,891,000,000","2,076,598,000,000","71,407,000,000","55,150,000,000","47,767,000,000","801,865,000,000","55,665,000,000","48,960,000,000","40,024,000,000",,"57,107,000,000","63,967,000,000","70,532,000,000",,,,,,,,,,,,,,,,,,,,,,,,,,,,,,,,,,,,,,,,
		SellingAndMarketingExpense,"450,892,000,000","118,164,000,000","109,300,000,000","114,262,000,000","109,166,000,000","-774,226,000,000","432,269,000,000","420,907,000,000","397,169,000,000","466,080,000,000","407,787,000,000","418,372,000,000","384,762,000,000","459,510,000,000","393,821,000,000","384,216,000,000","402,279,000,000","457,813,000,000","425,446,000,000","475,839,000,000","460,557,000,000","520,211,000,000","450,528,000,000","459,056,000,000","434,808,000,000","473,203,000,000","413,292,000,000","427,960,000,000","423,329,000,000","438,087,000,000","416,758,000,000","431,309,000,000","434,431,000,000","439,526,000,000","415,963,000,000","384,262,000,000","45,822,000,000","-510,615,000,000","218,469,000,000","207,725,000,000","192,952,000,000","-333,315,000,000","177,583,000,000","171,780,000,000","169,071,000,000",,"218,410,000,000","216,235,000,000","193,755,000,000",,,,,,,,,,,,,,,,,,,,,,,,,,,,,,,,,,,,,,,,
	ResearchAndDevelopment,"110,315,000,000","26,794,000,000","26,839,000,000","26,299,000,000","30,383,000,000","24,222,000,000","32,359,000,000","27,294,000,000","24,477,000,000","43,799,000,000","31,618,000,000","24,819,000,000","25,559,000,000","42,950,000,000","26,869,000,000","30,000,000,000","20,789,000,000","46,972,000,000","32,906,000,000","30,808,000,000","24,822,000,000","66,990,000,000","36,500,000,000","36,456,000,000","35,249,000,000","48,152,000,000","41,948,000,000","42,159,000,000","60,546,000,000","55,708,000,000","44,772,000,000",,"42,825,000,000","66,750,000,000",,,"57,384,000,000","79,551,000,000","18,715,000,000","20,531,000,000","22,990,000,000","43,929,000,000","30,405,000,000","2,759,000,000","7,289,000,000","57,453,000,000","12,459,000,000","18,328,000,000","6,330,000,000",,,,,,,,,,,,,,,,,,,,,,,,,,,,,,,,,,,"4,070,601,860.97",,,,,
	DepreciationAmortizationDepletionIncomeStatement,"243,508,000,000","59,215,000,000","61,871,000,000","59,736,000,000","62,686,000,000","55,544,000,000","51,109,000,000","55,209,000,000","51,830,000,000","63,845,000,000","60,176,000,000","59,260,000,000","60,294,000,000","62,176,000,000","61,628,000,000","55,963,000,000","63,244,000,000","67,459,000,000","66,872,000,000","53,704,000,000","85,960,000,000","71,485,000,000","50,409,000,000","82,590,000,000","68,736,000,000","67,289,000,000","54,232,000,000","52,305,000,000","54,670,000,000","56,331,000,000","78,250,000,000","0","44,899,000,000","49,798,000,000","0","0","41,694,000,000","207,673,000,000","7,920,000,000","7,493,000,000","7,613,000,000","100,524,000,000","7,762,000,000","7,756,000,000","7,483,000,000","83,632,000,000","7,578,000,000","8,110,000,000","6,951,000,000",,,,,,,,,,,,,,,,,,,,,,,,,,,,,,,,,,,"366,224,537,857.38",,,,"227,027,026,716",
		DepreciationAndAmortizationInIncomeStatement,"243,508,000,000","59,215,000,000","61,871,000,000","59,736,000,000","62,686,000,000","55,544,000,000","51,109,000,000","55,209,000,000","51,830,000,000","63,845,000,000","60,176,000,000","59,260,000,000","60,294,000,000","62,176,000,000","61,628,000,000","55,963,000,000","63,244,000,000","67,459,000,000","66,872,000,000","53,704,000,000","85,960,000,000","71,485,000,000","50,409,000,000","82,590,000,000","68,736,000,000","67,289,000,000","54,232,000,000","52,305,000,000","54,670,000,000","56,331,000,000","78,250,000,000","0","44,899,000,000","49,798,000,000","0","0","41,694,000,000","207,673,000,000","7,920,000,000","7,493,000,000","7,613,000,000","100,524,000,000","7,762,000,000","7,756,000,000","7,483,000,000","83,632,000,000","7,578,000,000","8,110,000,000","6,951,000,000",,,,,,,,,,,,,,,,,,,,,,,,,,,,,,,,,,,"366,224,537,857.38",,,,"227,027,026,716",
			DepreciationIncomeStatement,"131,337,000,000","31,956,000,000","33,761,000,000","31,294,000,000","34,326,000,000","26,762,000,000","22,909,000,000","27,423,000,000","24,180,000,000","26,965,000,000","23,277,000,000","22,997,000,000","24,022,000,000","25,378,000,000","26,058,000,000","25,339,000,000","26,667,000,000","23,200,000,000","25,316,000,000","22,835,000,000","34,119,000,000",,"50,409,000,000",,"68,736,000,000","67,289,000,000","54,232,000,000","52,305,000,000","54,670,000,000","56,331,000,000","78,250,000,000",,"44,899,000,000","49,798,000,000",,,"41,694,000,000",,"4,121,000,000","3,702,000,000","3,655,000,000",,"3,668,000,000","3,750,000,000","3,759,000,000",,"3,876,000,000","3,901,000,000","3,976,000,000",,,,,,,,,,,,,,,,,,,,,,,,,,,,,,,,,,,,,,,,
			Amortization,"112,171,000,000","27,259,000,000","28,110,000,000","28,442,000,000","28,360,000,000","28,782,000,000","28,200,000,000","27,786,000,000","27,650,000,000","36,880,000,000","36,899,000,000","36,263,000,000","36,272,000,000","36,798,000,000","35,570,000,000","30,624,000,000","36,577,000,000","44,259,000,000","41,556,000,000","30,869,000,000","51,841,000,000",,,,,,,,,,,,,,,,,,"3,799,000,000","3,791,000,000","3,958,000,000",,"4,094,000,000","4,006,000,000","3,724,000,000",,"3,702,000,000","4,209,000,000","2,975,000,000",,,,,,,,,,,,,,,,,,,,,,,,,,,,,,,,,,,,,,,,
				AmortizationOfIntangiblesIncomeStatement,"112,171,000,000","27,259,000,000","28,110,000,000","28,442,000,000","28,360,000,000","28,782,000,000","28,200,000,000","27,786,000,000","27,650,000,000","36,880,000,000","36,899,000,000","36,263,000,000","36,272,000,000","36,798,000,000","35,570,000,000","30,624,000,000","36,577,000,000","44,259,000,000","41,556,000,000","30,869,000,000","51,841,000,000",,,,,,,,,,,,,,,,,,"3,799,000,000","3,791,000,000","3,958,000,000",,"4,094,000,000","4,006,000,000","3,724,000,000",,"3,702,000,000","4,209,000,000","2,975,000,000",,,,,,,,,,,,,,,,,,,,,,,,,,,,,,,,,,,,,,,,
	ProvisionForDoubtfulAccounts,,,,,,,,,,,,,,,,,,"-85,269,000,000","40,372,000,000","27,850,000,000","6,594,000,000",,,"13,747,000,000","5,762,000,000","7,779,000,000","25,546,000,000","42,713,000,000","14,081,000,000","46,892,000,000","2,745,000,000",,,,,,,,"11,267,000,000",,,,,,,,,,,,,,,,,,,,,,,,,,,,,,,,,,,,,,,,,,,,,,,,,,
	OtherTaxes,"78,932,000,000","31,502,000,000","15,574,000,000","18,971,000,000","12,885,000,000","19,708,000,000","13,268,000,000","23,933,000,000","15,064,000,000","17,753,000,000","11,508,000,000","23,242,000,000","20,323,000,000","18,221,000,000","20,188,000,000","23,279,000,000","17,207,000,000","21,631,000,000","10,250,000,000","22,638,000,000","19,796,000,000","15,279,000,000","11,909,000,000","15,209,000,000","13,250,000,000","12,397,000,000","14,340,000,000","14,101,000,000","14,339,000,000","17,190,000,000","15,181,000,000",,"14,820,000,000",,,,"12,005,000,000",,"952,000,000","1,031,000,000","1,156,000,000",,,"873,000,000","1,093,000,000",,,,,,,,,,,,,,,,,,,,,,,,,,,,,,,,,,,,,,,,,,,,
	OtherOperatingExpenses,"219,223,000,000","96,066,000,000","21,016,000,000","45,274,000,000","63,038,000,000","114,486,000,000","36,856,000,000","129,671,000,000","58,224,000,000","91,002,000,000","53,383,000,000","50,758,000,000","61,268,000,000","104,326,000,000","58,517,000,000","49,035,000,000","70,247,000,000","87,414,000,000","36,701,000,000","80,196,000,000","92,077,000,000","50,925,000,000","81,768,000,000","165,884,000,000","56,287,000,000","153,966,000,000","44,194,000,000","62,433,000,000","60,867,000,000",,,"213,515,000,000","-50,315,000,000",,"-60,607,000,000","-37,980,000,000","-53,302,000,000",,"3,000,000,000","4,851,000,000","22,118,000,000","17,511,000,000","29,370,000,000","4,228,000,000","7,725,000,000","-225,743,000,000","7,476,000,000","8,287,000,000","-33,591,000,000",,,,,,,,,,,,,,,,,,,,,,,,,,,"120,622,567.98",,,,,,,,,,,,,
OperatingIncome,"3,927,453,000,000","608,040,000,000","1,057,152,000,000","1,045,335,000,000","1,210,755,000,000","1,308,219,000,000","1,525,400,000,000","1,201,349,000,000","1,500,975,000,000","1,148,252,000,000","1,130,901,000,000","1,012,491,000,000","1,388,023,000,000","538,554,000,000","1,064,918,000,000","712,008,000,000","632,351,000,000","495,450,000,000","654,866,000,000","688,076,000,000","723,195,000,000","751,214,000,000","887,382,000,000","728,109,000,000","731,661,000,000","678,226,000,000","634,296,000,000","902,761,000,000","717,241,000,000","-762,780,000,000","1,496,119,000,000","1,064,866,000,000","801,651,000,000","1,060,155,000,000","1,287,721,000,000","1,746,451,000,000","1,355,871,000,000","1,344,593,000,000","1,107,761,000,000","1,835,942,000,000","1,447,116,000,000","2,306,943,000,000","1,017,753,000,000","166,755,000,000","373,023,000,000","2,031,475,000,000","1,983,329,000,000","1,884,821,000,000","1,273,651,000,000","-18,143,266,330,473.08","7,692,487,032,495.96","7,625,106,524,771.01","7,569,059,696,001.09","-14,404,485,759,515.97","6,930,767,066,640","978,157,648,600","5,926,070,063,800","-13,783,882,241,347.95","6,581,419,648,700","1,753,000,000,000","6,438,000,000,000","-12,221,999,982,640","5,786,666,660,880","5,779,999,994,220","5,819,999,994,180","-9,460,833,320,450","4,294,444,440,150","4,658,750,000,000","771,250,000,000","-8,869,544,748,621","4,206,416,250,000","4,206,416,250,000","277,070,292,414.45","-8,214,357,412,808.38","3,272,821,980,626.72","417,472,113,745.06","3,312,446,219,280","-6,542,830,531,043.4","3,030,405,792,252.8","3,030,405,792,252.8","3,006,940,264,765.06","-7,916,783,585,590.78","3,564,642,329,421.36","441,846,065,804.55","2,947,261,566,534.12","-7,921,034,066,704","3,496,357,222,002","526,204,464,614","3,135,840,183,718"
NetNonOperatingInterestIncomeExpense,"-438,789,000,000","-76,141,000,000","-113,768,000,000","-114,313,000,000","-133,064,000,000","-144,654,000,000","-126,196,000,000","-88,387,000,000","-86,997,000,000","-83,280,000,000","-127,090,000,000","-134,889,000,000","-144,583,000,000","-126,016,000,000","-132,361,000,000","-135,474,000,000","-132,123,000,000","-147,927,000,000","-205,289,000,000","-220,483,000,000","-160,362,000,000","-137,284,000,000","-180,610,000,000","-200,115,000,000","-126,454,000,000","-135,613,000,000","-94,084,000,000","-98,949,000,000","-103,915,000,000","-482,171,000,000","35,840,000,000","-324,165,000,000","70,330,000,000","226,177,000,000","-1,047,620,000,000","43,999,000,000","101,168,000,000","-192,151,000,000","-22,912,000,000","-9,210,000,000","-874,000,000","-104,672,000,000","-23,305,000,000","-35,281,000,000","-17,279,000,000","-17,820,000,000","9,810,000,000","13,027,000,000","12,607,000,000",,,,,,,,,,,,,,,,,,,,,,,,,,,,,,,,,,,,,,,,
	InterestIncomeNonOperating,"352,384,000,000","124,093,000,000","74,314,000,000","78,450,000,000","75,527,000,000","99,922,000,000","80,381,000,000","85,106,000,000","71,849,000,000","71,236,000,000","63,056,000,000","37,740,000,000","40,419,000,000","41,079,000,000","48,733,000,000","40,135,000,000","52,528,000,000","49,247,000,000","55,292,000,000","41,083,000,000","64,571,000,000","62,922,000,000","51,094,000,000","53,223,000,000","61,015,000,000","72,154,000,000","64,124,000,000","60,209,000,000","63,911,000,000","-1,536,663,000,000","703,174,000,000","325,156,000,000","787,139,000,000","783,639,000,000","958,901,000,000","625,532,000,000","822,346,000,000","238,192,000,000","59,963,000,000","65,171,000,000","68,296,000,000","211,220,000,000","52,048,000,000","44,726,000,000","43,559,000,000","230,065,000,000","49,717,000,000","41,687,000,000","40,840,000,000",,,,,,,,,,,,,,,,,,,,,,,,,,,,,,,,,,,,,,,,
	InterestExpenseNonOperating,"755,711,000,000","184,687,000,000","179,820,000,000","190,726,000,000","200,478,000,000","207,746,000,000","195,894,000,000","175,796,000,000","161,860,000,000","153,816,000,000","170,880,000,000","159,810,000,000","168,609,000,000","145,727,000,000","169,911,000,000","165,748,000,000","177,340,000,000","159,765,000,000","204,606,000,000","210,058,000,000","214,343,000,000","184,723,000,000","204,723,000,000","226,321,000,000","179,818,000,000","195,962,000,000","151,267,000,000","149,714,000,000","160,738,000,000","-1,162,007,000,000","667,334,000,000","649,321,000,000","716,809,000,000","557,462,000,000","2,006,521,000,000","581,533,000,000","721,178,000,000","430,343,000,000","82,875,000,000","74,381,000,000","69,170,000,000","315,892,000,000","75,353,000,000","80,007,000,000","60,838,000,000","247,885,000,000","39,907,000,000","28,660,000,000","28,233,000,000",,,,,,,,,,,,,,,,,,,,,,,,,,,,,,,,,,,,,,,,
	TotalOtherFinanceCost,"35,462,000,000","15,547,000,000","8,262,000,000","2,037,000,000","8,113,000,000","36,830,000,000","10,683,000,000","-2,303,000,000","-3,014,000,000","700,000,000","19,266,000,000","12,819,000,000","16,393,000,000","21,368,000,000","11,183,000,000","9,861,000,000","7,311,000,000","37,409,000,000","55,975,000,000","51,508,000,000","10,590,000,000","15,483,000,000","26,981,000,000","27,017,000,000","7,651,000,000","11,805,000,000","6,941,000,000","9,444,000,000","7,088,000,000",,,,,,,,,,,,,,,,,,,,,,,,,,,,,,,,,,,,,,,,,,,,,,,,,,,,,,,,,,,,
OtherIncomeExpense,"-362,129,000,000","-376,038,000,000","-90,133,000,000","39,459,000,000","69,250,000,000","-1,405,957,000,000","46,760,000,000","-183,531,000,000","69,035,000,000","-299,816,000,000","227,470,000,000","-104,379,000,000","81,951,000,000","-477,620,000,000","-269,213,000,000","-308,081,000,000","44,666,000,000","-329,126,000,000","-1,225,243,000,000","-164,082,000,000","41,271,000,000","-545,541,000,000","-375,689,000,000","192,340,000,000","-337,133,000,000","-87,903,000,000","244,868,000,000","-464,867,000,000","-245,886,000,000","1,911,888,000,000","-441,339,000,000","-5,285,000,000","3,531,000,000","-20,005,000,000","15,054,000,000","34,772,000,000","-21,347,000,000","-364,373,000,000","257,601,000,000","-331,908,000,000","402,027,000,000","1,896,924,000,000","-466,245,000,000","191,519,000,000","53,214,000,000","-876,534,000,000","-314,158,000,000","41,800,000,000","53,631,000,000",,,,,,,"-50,332,383,860",,,,"18,000,000,000",,,,,,,,,"-80,000,000,000",,,,"43,620,689,755.5",,,"-20,453,955,882.2",,,,,,,,"121,001,157,678.45",,,,"46,650,998,761",
	GainOnSaleOfSecurity,"128,320,000,000","-62,623,000,000","46,075,000,000","41,570,000,000","101,793,000,000","32,948,000,000","-121,176,000,000","-55,056,000,000","23,819,000,000","48,243,000,000","276,940,000,000","107,734,000,000","81,666,000,000","152,257,000,000","8,578,000,000","-177,637,000,000","8,969,000,000","363,871,000,000","-379,830,000,000","158,000,000","62,663,000,000","-140,912,000,000","-34,996,000,000","372,360,000,000","-7,491,000,000","248,433,000,000","351,274,000,000","-245,954,000,000","-89,371,000,000",,,,,,,,,"148,000,000","5,794,000,000","29,566,000,000","7,902,000,000","134,580,000,000","-2,917,000,000","14,166,000,000","35,010,000,000","70,970,000,000","10,789,000,000","15,853,000,000","10,441,000,000",,,,,,,,,,,,,,,,,,,,,,,,,,,,,,,,,,,,,,,,
	EarningsFromEquityInterest,"273,741,000,000","43,544,000,000","88,668,000,000","74,670,000,000","66,859,000,000","37,184,000,000","43,800,000,000","-55,737,000,000","87,387,000,000","-51,013,000,000","54,188,000,000","-64,645,000,000","72,010,000,000","-179,299,000,000","-71,134,000,000","111,839,000,000","49,917,000,000","-144,122,000,000","-322,881,000,000","23,877,000,000","-62,927,000,000","-134,426,000,000","-41,496,000,000","-36,872,000,000","-87,099,000,000","-106,545,000,000","-50,273,000,000","-24,256,000,000","1,265,000,000","-27,935,000,000","-6,885,000,000","-5,285,000,000","17,404,000,000",,,,,"95,237,000,000","85,201,000,000","67,632,000,000",,,,,,"-240,955,000,000","-24,565,000,000","102,053,000,000","139,604,000,000",,,,,,,"14,245,014,300",,,,,,,,,,,,,,,,,,,,"-17,208,819,698.48",,,,,,,,,,,,,
	SpecialIncomeCharges,"-767,469,000,000","-386,521,000,000","-223,816,000,000","-69,224,000,000","-86,504,000,000","-1,431,043,000,000","-4,240,000,000","-4,692,000,000","-17,785,000,000","-449,117,000,000","-83,492,000,000","-129,477,000,000","-48,494,000,000","-426,998,000,000","-159,803,000,000","-252,791,000,000","-823,000,000","-553,945,000,000","-231,002,000,000","-191,423,000,000","54,005,000,000","-222,435,000,000","-299,557,000,000","-112,609,000,000","-225,307,000,000","-217,774,000,000","-39,758,000,000","-178,880,000,000","-133,527,000,000","994,822,000,000","-434,454,000,000",,"-13,873,000,000","-20,005,000,000","15,054,000,000","34,772,000,000","-21,347,000,000","-459,758,000,000","166,606,000,000","-429,106,000,000","394,125,000,000","1,769,224,000,000","-463,328,000,000","177,353,000,000","18,204,000,000","-706,549,000,000","-300,382,000,000","-76,106,000,000","-96,414,000,000",,,,,,,"-64,577,398,160",,,,"18,000,000,000",,,,,,,,,"-80,000,000,000",,,,"43,620,689,755.5",,,"-3,245,136,183.72",,,,,,,,"121,001,157,678.45",,,,"46,650,998,761",
		ImpairmentOfCapitalAssets,"666,363,000,000","345,979,000,000","169,554,000,000","81,482,000,000","69,349,000,000","1,372,719,000,000","332,000,000","685,000,000","19,948,000,000","252,902,000,000","4,535,000,000","20,975,000,000","6,941,000,000","236,071,000,000","78,871,000,000","9,371,000,000","0","55,407,000,000","129,433,000,000","102,827,000,000","10,002,000,000","55,268,000,000","31,838,000,000","30,441,000,000","1,753,000,000","137,634,000,000","14,743,000,000","3,649,000,000","1,508,000,000","-217,857,000,000","0",,,,,,,,,,,"336,454,000,000","0",,,,,,,,,,,,,,,,,,,,,,,,,,,,,,,,,,,,,,,,,,,,,,
		WriteOff,"90,546,000,000","37,433,000,000","42,348,000,000","9,952,000,000","20,717,000,000","83,896,000,000","17,900,000,000","78,006,000,000","8,899,000,000","195,963,000,000","51,823,000,000","96,985,000,000","53,057,000,000","163,853,000,000","74,545,000,000","240,679,000,000","19,486,000,000","276,669,000,000","189,713,000,000","97,391,000,000","72,506,000,000","160,660,000,000","243,654,000,000","30,874,000,000","63,948,000,000","50,398,000,000","86,111,000,000","95,952,000,000","116,966,000,000",,,,,,,,,,,,,,,,,,,,,,,,,,,,,,,,,,,,,,,,,,,,,,,,,,,,,,,,,,,,
		OtherSpecialCharges,"-25,440,000,000","0","12,935,000,000","-26,426,000,000","-420,000,000","-7,463,000,000","-4,108,000,000","-2,278,000,000","-185,000,000","-1,723,000,000","-2,549,000,000","-813,000,000","-793,000,000","-4,313,000,000","-3,888,000,000","-12,420,000,000","-1,779,000,000","10,862,000,000","-16,190,000,000","8,354,000,000","22,956,000,000","71,609,000,000","17,403,000,000","42,187,000,000","157,197,000,000","-5,047,000,000","13,346,000,000","34,251,000,000","-11,944,000,000","-1,111,566,000,000","441,275,000,000",,,,,,,"396,227,000,000","-187,823,000,000","422,499,000,000","-384,455,000,000","-2,010,012,000,000","440,314,000,000","-194,247,000,000","-27,718,000,000","526,432,000,000","292,332,000,000","67,035,000,000","87,492,000,000",,,,,,,,,,,,,,,,,,,,,,,,,,,,,,,,,,,,,,,,
		GainOnSaleOfBusiness,"21,297,000,000","6,414,000,000","4,648,000,000","-2,331,000,000","12,565,000,000","-2,066,000,000","1,087,000,000","41,429,000,000","-435,000,000","27,211,000,000","-65,000,000","4,479,000,000","30,183,000,000","-7,786,000,000","2,219,000,000","3,709,000,000","1,857,000,000","2,495,000,000","72,340,000,000","-5,171,000,000","57,000,000","30,488,000,000","236,000,000","314,000,000","7,664,000,000","5,391,000,000","-2,598,000,000","-794,000,000","-12,691,000,000",,,,,,,,,,,,,,,,,,,,,,,,,,,,,,,,,,,,,,,,,,,,,,,,,,,,,,,,,,,,
		GainOnSaleOfPPE,"-57,297,000,000","-9,523,000,000","-16,562,000,000","-21,789,000,000","-9,423,000,000","20,175,000,000","8,797,000,000","30,292,000,000","11,312,000,000","-29,186,000,000","-29,618,000,000","-16,809,000,000","-19,472,000,000","-23,601,000,000","-12,494,000,000","-18,870,000,000","15,027,000,000","-213,502,000,000","-386,000,000","13,966,000,000","159,412,000,000","34,614,000,000","-6,898,000,000","-9,421,000,000","-10,073,000,000","-40,180,000,000","77,040,000,000","-44,234,000,000","-14,306,000,000","167,814,000,000","6,821,000,000",,,,,,,"-10,273,000,000","-21,217,000,000","-6,607,000,000","9,670,000,000","95,666,000,000","-23,014,000,000","-16,894,000,000","-9,514,000,000","-13,387,000,000","-8,050,000,000","-9,071,000,000","-8,922,000,000",,,,,,,,,,,,,,,,,,,,,,,,,,,,,,,,,,,,,,,,
	OtherNonOperatingIncomeExpenses,"3,279,000,000","29,562,000,000","-1,060,000,000","-7,557,000,000","-12,898,000,000","-45,046,000,000","128,376,000,000","-68,046,000,000","-24,386,000,000","152,071,000,000","-20,166,000,000","-17,991,000,000","-23,231,000,000","-23,580,000,000","-46,854,000,000","10,508,000,000","-13,397,000,000","5,070,000,000","-291,530,000,000","3,306,000,000","-12,470,000,000","-47,768,000,000","360,000,000","-30,539,000,000","-17,236,000,000","-12,017,000,000","-16,375,000,000","-15,777,000,000","-24,253,000,000",,,,,,,,,,,,,,,,,,,,,,,,,,,,,,,,,,,,,,,,,,,,,,,,,,,,,,,,,,,,
PretaxIncome,"3,126,534,000,000","155,861,000,000","853,251,000,000","970,481,000,000","1,146,941,000,000","-242,392,000,000","1,445,964,000,000","929,431,000,000","1,483,013,000,000","765,156,000,000","1,231,281,000,000","773,223,000,000","1,325,391,000,000","-65,082,000,000","663,344,000,000","268,453,000,000","544,894,000,000","18,397,000,000","-775,666,000,000","303,511,000,000","604,104,000,000","68,389,000,000","331,083,000,000","720,334,000,000","268,074,000,000","454,710,000,000","785,080,000,000","338,945,000,000","367,441,000,000","666,937,000,000","1,090,620,000,000","735,416,000,000","875,512,000,000","1,266,327,000,000","255,155,000,000","1,825,222,000,000","1,435,692,000,000","788,069,000,000","1,342,450,000,000","1,494,824,000,000","1,712,343,000,000","1,678,296,000,000","1,206,135,000,000","445,887,000,000","408,958,000,000","1,137,121,000,000","1,678,981,000,000","1,939,648,000,000","1,339,889,000,000",,,,,,,"943,019,946,660",,,,"1,781,000,000,000",,,,,,,,,"640,000,000,000",,,,"252,244,032,410.4",,,"304,892,347,313.92",,,,,,,,"504,810,186,315.96",,,,"407,168,037,045",
TaxProvision,"1,088,369,000,000","74,370,000,000","356,441,000,000","289,063,000,000","368,496,000,000","546,761,000,000","388,305,000,000","349,093,000,000","399,471,000,000","269,406,000,000","324,658,000,000","243,173,000,000","348,503,000,000","-62,705,000,000","187,807,000,000","47,913,000,000","206,528,000,000","-71,033,000,000","-117,425,000,000","186,115,000,000","268,904,000,000","271,154,000,000","107,083,000,000","233,176,000,000","212,428,000,000","196,319,000,000","221,052,000,000","98,444,000,000","75,181,000,000","105,981,000,000","367,364,000,000","269,660,000,000","239,874,000,000","245,872,000,000","26,370,000,000","453,238,000,000","342,630,000,000","240,701,000,000","298,510,000,000","298,578,000,000","275,108,000,000","371,954,000,000","64,244,000,000","15,357,000,000","84,442,000,000","500,961,000,000","460,264,000,000","464,082,000,000","308,675,000,000",,,,,,,"246,913,581,200",,,,"513,000,000,000",,,,,,,,,"173,750,000,000",,,,"61,795,756,110.3",,,"74,180,285,273.98",,,,,,,,"141,613,426,243.14",,,,"101,645,123,245",
EarningsFromEquityInterestNetOfTax,,,,,,,,,,,,,,,,,,,,,,,,,,,,,,,,,,,,,,,,,"229,885,000,000",,"-210,100,000,000","123,852,000,000","120,691,000,000",,,,,,,,,,,,,,,,,,,,,,,,,,,,,,,,,,,,,,,,,,,,
NetIncomeCommonStockholders,"1,857,735,000,000","78,309,794,519","429,193,794,521","610,623,068,494","739,608,342,466","-847,839,205,480","1,017,844,794,521","538,367,068,495","985,808,356,165","514,650,397,241","861,091,813,079","504,931,382,772","842,507,346,849","149,372,600,415","537,358,621,639","283,580,024,628","351,270,464,190","168,027,153,331","-549,974,968,500","189,938,698,029","330,472,899,133","-194,471,524,740","229,469,127,581","502,929,698,029","61,729,899,133","272,364,434,246","559,277,450,506","248,432,257,610","278,008,000,000","592,411,000,000","730,838,000,000","509,293,000,000","629,538,000,000","1,073,732,000,000","226,975,000,000","1,322,857,000,000","1,090,722,000,000","503,863,000,000","1,043,940,000,000","1,196,246,000,000","1,437,235,000,000","1,321,488,000,000","1,141,891,000,000","430,530,000,000","324,516,000,000","653,255,000,000","1,218,717,000,000","1,475,566,000,000","1,031,214,000,000","875,316,594,080.76","895,118,886,591.84","887,278,305,932.04","880,756,543,236.36","844,105,271,951.85","953,003,829,600","691,358,027,360","691,634,244,150","662,160,301,475.72","717,119,000,580","1,260,000,000,000","1,262,000,000,000","921,666,669,430","921,111,110,190","919,999,999,080","925,555,554,630","-3,489,583,327,750","1,861,111,109,250","522,500,000,000","467,500,000,000","264,215,002,595.26","322,760,000,000","322,760,000,000","190,448,276,300.1","189,941,258,131.52","186,620,418,340.56","232,608,300,689.26","238,168,658,996.25","551,992,319,295","359,364,547,920","359,364,547,920","356,581,858,321.5","342,376,130,520.59","443,718,977,312.37","363,196,760,072.82","353,779,031,727.44","158,754,406,363","158,871,915,176","305,522,913,800","305,522,913,800"
	NetIncome,"1,864,405,000,000","79,991,000,000","430,875,000,000","612,286,000,000","741,253,000,000","-846,158,000,000","1,019,526,000,000","545,018,000,000","993,516,000,000","523,071,000,000","869,422,000,000","512,809,000,000","850,928,000,000","157,793,000,000","545,689,000,000","291,654,000,000","359,671,000,000","176,358,000,000","-541,627,000,000","198,179,000,000","338,584,000,000","-186,122,000,000","237,817,000,000","511,170,000,000","69,841,000,000","280,714,000,000","567,109,000,000","250,565,000,000","278,008,000,000","592,411,000,000","730,838,000,000","509,293,000,000","629,538,000,000","1,073,732,000,000","226,975,000,000","1,322,857,000,000","1,090,722,000,000","503,863,000,000","1,043,940,000,000","1,196,246,000,000","1,437,235,000,000","1,321,488,000,000","1,141,891,000,000","430,530,000,000","324,516,000,000","624,608,000,000","1,218,717,000,000","1,475,566,000,000","1,031,214,000,000","875,316,594,080.76","895,118,886,591.84","887,278,305,932.04","880,756,543,236.36","844,105,271,951.85","953,003,829,600","691,358,027,360","691,634,244,150","662,160,301,475.72","717,119,000,580","1,260,000,000,000","1,262,000,000,000","921,666,669,430","921,111,110,190","919,999,999,080","925,555,554,630","-3,489,583,327,750","1,861,111,109,250","522,500,000,000","467,500,000,000","264,215,002,595.26","322,760,000,000","322,760,000,000","190,448,276,300.1","189,941,258,131.52","186,620,418,340.56","232,608,300,689.26","238,168,658,996.25","551,992,319,295","359,364,547,920","359,364,547,920","356,581,858,321.5","342,376,130,520.59","443,718,977,312.37","363,196,760,072.82","353,779,031,727.44","158,754,406,363","158,871,915,176","305,522,913,800","305,522,913,800"
		NetIncomeIncludingNoncontrollingInterests,"2,038,165,000,000","81,491,000,000","496,810,000,000","681,418,000,000","778,445,000,000","-789,153,000,000","1,057,659,000,000","580,338,000,000","1,083,542,000,000","495,750,000,000","906,623,000,000","530,050,000,000","976,888,000,000","-2,377,000,000","475,537,000,000","220,540,000,000","338,366,000,000","89,430,000,000","-658,241,000,000","117,396,000,000","335,200,000,000","-202,765,000,000","224,000,000,000","487,158,000,000","55,646,000,000","258,391,000,000","564,028,000,000","240,501,000,000","292,260,000,000","560,956,000,000","723,256,000,000","465,756,000,000","635,638,000,000","1,020,455,000,000","228,785,000,000","1,371,984,000,000","1,093,062,000,000","540,273,000,000","1,043,940,000,000","1,196,246,000,000","1,437,235,000,000","1,345,374,000,000","1,141,891,000,000","430,530,000,000","324,516,000,000","653,255,000,000","1,218,717,000,000","1,475,566,000,000","1,031,214,000,000","994,688,317,180.27","895,118,886,591.84","887,278,305,932.04","880,756,543,236.36","890,328,992,205.33","953,003,829,600","696,106,365,460","691,634,244,150","656,425,315,963.61","717,119,000,580","1,268,000,000,000","1,262,000,000,000","947,666,669,430","921,111,110,190","919,999,999,080","925,555,554,630","-3,467,083,327,750","1,861,111,109,250","522,500,000,000","467,500,000,000","284,058,418,958.62","322,760,000,000","322,760,000,000","190,448,276,300.1","181,469,510,410.37","186,620,418,340.56","230,712,062,039.94","238,168,658,996.25","560,656,036,087.5","359,364,547,920","359,364,547,920","356,581,858,321.5","343,282,132,784.59","443,718,977,312.37","362,462,963,774.88","353,779,031,727.44","169,095,181,907","158,871,915,176","310,458,283,946","305,522,913,800"
			NetIncomeContinuousOperations,"2,038,165,000,000","81,491,000,000","496,810,000,000","681,418,000,000","778,445,000,000","-789,153,000,000","1,057,659,000,000","580,338,000,000","1,083,542,000,000","495,750,000,000","906,623,000,000","530,050,000,000","976,888,000,000","-2,377,000,000","475,537,000,000","220,540,000,000","338,366,000,000","89,430,000,000","-658,241,000,000","117,396,000,000","335,200,000,000","-202,765,000,000","224,000,000,000","487,158,000,000","55,646,000,000","258,391,000,000","564,028,000,000","240,501,000,000","292,260,000,000","560,956,000,000","723,256,000,000","465,756,000,000","635,638,000,000","1,020,455,000,000","228,785,000,000","1,371,984,000,000","1,093,062,000,000","540,273,000,000","1,043,940,000,000","1,196,246,000,000","1,437,235,000,000","1,345,374,000,000","1,141,891,000,000","430,530,000,000","324,516,000,000","653,255,000,000","1,218,717,000,000","1,475,566,000,000","1,031,214,000,000","875,316,594,080.76","895,118,886,591.84","887,278,305,932.04","880,756,543,236.36","844,105,271,951.85","953,003,829,600","691,358,027,360","691,634,244,150","662,160,301,475.72","717,119,000,580","1,260,000,000,000","1,262,000,000,000","921,666,669,430","921,111,110,190","919,999,999,080","925,555,554,630","-3,489,583,327,750","1,861,111,109,250","522,500,000,000","467,500,000,000","264,215,002,595.26","322,760,000,000","322,760,000,000","190,448,276,300.1","189,941,258,131.52","186,620,418,340.56","232,608,300,689.26","238,168,658,996.25","551,992,319,295","359,364,547,920","359,364,547,920","356,581,858,321.5","342,376,130,520.59","443,718,977,312.37","363,196,760,072.82","353,779,031,727.44","158,754,406,363","158,871,915,176","305,522,913,800","305,522,913,800"
		MinorityInterests,"-173,760,000,000","-1,500,000,000","-65,935,000,000","-69,132,000,000","-37,192,000,000","-57,005,000,000","-38,133,000,000","-35,320,000,000","-90,026,000,000","27,321,000,000","-37,201,000,000","-17,241,000,000","-125,960,000,000","160,170,000,000","70,152,000,000","71,114,000,000","21,305,000,000","86,928,000,000","116,614,000,000","80,783,000,000","3,384,000,000","16,643,000,000","13,817,000,000","24,012,000,000","14,195,000,000","22,323,000,000","3,081,000,000","10,064,000,000","-14,252,000,000","31,455,000,000","7,582,000,000","43,537,000,000","-6,100,000,000",,"-1,810,000,000","-49,127,000,000","-2,340,000,000",,,,,,,,,,,,,,,,,,,"-4,748,338,100",,,,"-8,000,000,000",,,,,,,,,,,,,,,,"1,896,238,649.32",,,,,,,,"733,796,297.94",,,,"-4,935,370,146",
	OtherunderPreferredStockDividend,"6,669,999,999","1,681,205,480","1,681,205,479","1,662,931,506","1,644,657,534","1,681,205,480","1,681,205,479","6,650,931,505","7,707,643,835","8,420,653,151","8,330,108,492","7,877,385,203","8,420,653,151","8,420,653,151","8,330,108,492","8,073,975,372","8,400,426,066","8,330,357,239","8,347,872,419","8,240,301,971","8,111,100,867","8,349,524,740","8,347,872,419","8,240,301,971","8,111,100,867","8,349,524,740","7,831,781,115","2,132,608,696",,,,,,,,,,,,,,,,,,,,,,,,,,,,,,,,,,,,,,,,,,,,,,,,,,,,,,,,,,,,,
DilutedNIAvailtoComStockholders,"1,857,735,000,000","78,309,794,519","429,193,794,521","610,623,068,494","739,608,342,466","-847,839,205,480","1,017,844,794,521","538,367,068,495","985,808,356,165","514,650,397,241","861,091,813,079","504,931,382,772","842,507,346,849","149,372,600,415","537,358,621,639","283,580,024,628","351,270,464,190","168,027,153,331","-549,974,968,500","189,938,698,029","330,472,899,133","-194,471,524,740","229,469,127,581","502,929,698,029","61,729,899,133","272,364,434,246","559,277,450,506","248,432,257,610","278,008,000,000","592,411,000,000","730,838,000,000","509,293,000,000","629,538,000,000","1,073,732,000,000","226,975,000,000","1,322,857,000,000","1,090,722,000,000","503,863,000,000","1,043,940,000,000","1,196,246,000,000","1,437,235,000,000","1,321,488,000,000","1,141,891,000,000","430,530,000,000","324,516,000,000","653,255,000,000","1,218,717,000,000","1,475,566,000,000","1,031,214,000,000","875,316,594,080.76","895,118,886,591.84","887,278,305,932.04","880,756,543,236.36","844,105,271,951.85","953,003,829,600","691,358,027,360","691,634,244,150","662,160,301,475.72","717,119,000,580","1,260,000,000,000","1,262,000,000,000","921,666,669,430","921,111,110,190","919,999,999,080","925,555,554,630","-3,489,583,327,750","1,861,111,109,250","522,500,000,000","467,500,000,000","264,215,002,595.26","322,760,000,000","322,760,000,000","190,448,276,300.1","189,941,258,131.52","186,620,418,340.56","232,608,300,689.26","238,168,658,996.25","551,992,319,295","359,364,547,920","359,364,547,920","356,581,858,321.5","342,376,130,520.59","443,718,977,312.37","363,196,760,072.82","353,779,031,727.44","158,754,406,363","158,871,915,176","305,522,913,800","305,522,913,800"
BasicEPS,,,"1,339.25","1,905.5","2,308.25",,"3,180.75","1,682.5","3,080.75",,"2,691","1,578","2,633",,"1,679.25","886.25","1,097.75",,"-1,718.75","593.5","1,032.75",,"719","1,576","193.5",,"1,797.5","804","899.75",,"2,365.25","1,648.25","2,037.5",,"734.5","4,281.5","3,528.75",,"3,388","3,882.25","4,664.25",,"3,728.25","1,405.75","1,059.5",,"4,041.25","4,892.75","3,418.25",,"2,865.682","3,597.061","3,039.787",,"3,058.955","2,170.275","2,169.261",,"2,226.838","3,962.3","3,966.4",,"2,845.667","2,842.444","2,862",,"1,478.222","1,603.75","1,428.75",,"991.375","991.375","557.958",,"-1,178.01","684.695","2,506.64",,"1,052.174","1,052.174","1,044.027",,"2,141.119","960.648","935.738",,"411.281","822.562","822.562"
DilutedEPS,,,"1,339.25","1,905.5","2,308.25",,"3,180.75","1,682.5","3,080.75",,"2,691","1,578","2,633",,"1,679.25","886.25","1,097.75",,"-1,718.75","593.5","1,032.75",,"719","1,576","193.5",,"1,797.5","804","899.75",,"2,365.25","1,648.25","2,037.5",,"734.5","4,281.5","3,528.75",,"3,388","3,882.25","4,664.25",,"3,728.25","1,405.75","1,059.5",,"4,041.25","4,892.75","3,418.25",,"2,865.682","3,597.061","3,039.787",,"3,058.955","2,170.275","2,169.261",,"2,226.838","3,962.3","3,966.4",,"2,845.667","2,842.444","2,862",,"1,478.222","1,603.75","1,428.75",,"991.375","991.375","557.958",,"-1,178.01","684.695","2,506.64",,"1,052.174","1,052.174","1,044.027",,"2,141.119","960.648","935.738",,"411.281","822.562","822.562"
BasicAverageShares,,,"320,462,564","320,462,564","320,432,028",,"320,003,928","320,002,520","319,998,636",,"319,995,192","319,993,904","319,990,748",,"319,985,272","319,984,420","319,982,944",,"319,974,480","319,973,488","319,972,228",,"319,137,052","319,136,660","319,135,016",,"311,148,276","308,979,604","308,977,864",,"308,977,776","308,977,776","308,977,776",,"308,977,776","308,977,776","309,097,396",,"308,131,512","308,131,512","308,131,512",,"306,279,664","306,279,664","306,279,664",,"301,576,804","301,576,804","301,684,760",,"312,358,053","246,667,549","289,742,838",,"311,545,510","318,662,808","318,662,808",,"318,046,240","318,046,240","318,172,650",,"323,689,040","323,665,077","323,394,673",,"325,722,746","325,798,909","326,706,964",,"325,568,024","325,568,024","326,663,036",,"326,203,724","326,203,724","385,922,500",,"341,544,819","341,544,819","341,544,819",,"378,740,124","378,740,124","378,074,699",,"386,285,714","371,428,571","371,428,571"
DilutedAverageShares,,,"320,462,564","320,462,564","320,432,028",,"320,003,928","320,002,520","319,998,636",,"319,995,192","319,993,904","319,990,748",,"319,985,272","319,984,420","319,982,944",,"319,974,480","319,973,488","319,972,228",,"319,137,052","319,136,660","319,135,016",,"311,148,276","308,979,604","308,977,864",,"308,977,776","308,977,776","308,977,776",,"308,977,776","308,977,776","309,097,396",,"308,131,512","308,131,512","308,131,512",,"306,279,664","306,279,664","306,279,664",,"301,576,804","301,576,804","301,684,760",,"312,358,053","246,667,549","289,742,838",,"311,545,510","318,662,808","318,662,808",,"318,046,240","318,046,240","318,172,650",,"323,689,040","323,665,077","323,394,673",,"325,722,746","325,798,909","326,706,964",,"325,568,024","325,568,024","326,663,036",,"326,203,724","326,203,724","385,922,500",,"341,544,819","341,544,819","341,544,819",,"378,740,124","378,740,124","378,074,699",,"386,285,714","371,428,571","371,428,571"
TotalOperatingIncomeAsReported,"3,222,713,000,000","-88,523,000,000","1,039,777,000,000","1,068,562,000,000","1,202,896,000,000","-229,268,000,000","1,531,103,000,000","1,252,288,000,000","1,487,704,000,000","726,352,000,000","1,125,692,000,000","979,109,000,000","1,364,969,000,000","-90,079,000,000","1,034,296,000,000","678,514,000,000","659,766,000,000","-583,117,000,000","651,912,000,000","686,344,000,000","731,240,000,000","63,921,000,000","878,703,000,000","839,111,000,000","731,263,000,000","322,077,000,000","632,812,000,000","902,592,000,000","716,919,000,000","377,453,000,000","1,061,665,000,000","1,064,866,000,000","787,778,000,000","1,064,440,000,000","1,287,721,000,000","1,746,451,000,000","1,355,871,000,000","1,344,593,000,000","1,107,761,000,000","1,835,942,000,000","1,447,116,000,000","2,306,943,000,000","1,017,753,000,000","166,755,000,000","373,023,000,000","2,031,475,000,000","1,983,329,000,000","1,884,821,000,000","1,273,651,000,000",,,,,,,"978,157,648,600",,,,"1,753,000,000,000",,,,,,,,,"771,250,000,000",,,,"277,070,292,414.45",,,"417,592,736,313.04",,,,,,,,"441,468,750,988.89",,,,"526,204,464,614",
RentExpenseSupplemental,"39,886,000,000","9,789,000,000","9,420,000,000","9,219,000,000","11,458,000,000","16,609,000,000","18,527,000,000","15,935,000,000","18,445,000,000","22,514,000,000","13,752,000,000","17,374,000,000","16,336,000,000","19,423,000,000","11,748,000,000","28,683,000,000","22,151,000,000","25,961,000,000","24,794,000,000","35,620,000,000","33,461,000,000","32,126,000,000","35,237,000,000","34,656,000,000","35,347,000,000","31,704,000,000","27,811,000,000","24,216,000,000","26,460,000,000","25,194,000,000","25,656,000,000",,"17,493,000,000",,,,,"43,778,000,000","6,635,000,000","6,358,000,000","6,117,000,000","17,107,000,000","4,697,000,000","4,599,000,000","4,526,000,000",,"5,743,000,000","5,463,000,000","5,125,000,000",,,,,,,,,,,,,,,,,,,,,,,,,,,,,,,,,,,,,,,,
TotalExpenses,"60,858,256,000,000","15,853,870,000,000","14,931,075,000,000","15,276,000,000,000","14,803,483,000,000","15,490,111,000,000","14,885,326,000,000","14,881,947,000,000","14,361,309,000,000","13,980,910,000,000","13,905,217,000,000","13,931,913,000,000","13,689,161,000,000","14,335,075,000,000","11,682,642,000,000","12,145,376,000,000","11,828,848,000,000","13,740,423,000,000","13,341,126,000,000","14,501,416,000,000","14,377,717,000,000","15,593,866,000,000","15,382,463,000,000","15,975,463,000,000","14,708,467,000,000","15,851,210,000,000","14,515,926,000,000","14,700,348,000,000","13,864,642,000,000","15,830,987,000,000","14,242,941,000,000","15,423,373,000,000","15,506,993,000,000","17,627,811,000,000","15,665,721,000,000","15,300,302,000,000","14,894,693,000,000","35,887,006,000,000","7,416,279,000,000","6,096,753,000,000","5,502,410,000,000","14,882,245,000,000","5,832,761,000,000","6,177,241,000,000","6,098,280,000,000","17,374,043,000,000","6,829,648,000,000","5,573,137,000,000","4,792,532,000,000",,,,,,,"4,947,768,300,200",,,,"4,679,000,000,000",,,,,,,,,"2,477,500,000,000",,,,"2,382,319,634,126.55",,,"2,817,640,723,680.86",,,,,,,,"2,583,872,690,973.06",,,,"2,609,635,719,104",
NetIncomeFromContinuingAndDiscontinuedOperation,"1,864,405,000,000","79,991,000,000","430,875,000,000","612,286,000,000","741,253,000,000","-846,158,000,000","1,019,526,000,000","545,018,000,000","993,516,000,000","523,071,000,000","869,422,000,000","512,809,000,000","850,928,000,000","157,793,000,000","545,689,000,000","291,654,000,000","359,671,000,000","176,358,000,000","-541,627,000,000","198,179,000,000","338,584,000,000","-186,122,000,000","237,817,000,000","511,170,000,000","69,841,000,000","280,714,000,000","567,109,000,000","250,565,000,000","278,008,000,000","592,411,000,000","730,838,000,000","509,293,000,000","629,538,000,000","1,073,732,000,000","226,975,000,000","1,322,857,000,000","1,090,722,000,000","503,863,000,000","1,043,940,000,000","1,196,246,000,000","1,437,235,000,000","1,321,488,000,000","1,141,891,000,000","430,530,000,000","324,516,000,000","624,608,000,000","1,218,717,000,000","1,475,566,000,000","1,031,214,000,000","875,316,594,080.76","895,118,886,591.84","887,278,305,932.04","880,756,543,236.36","844,105,271,951.85","953,003,829,600","691,358,027,360","691,634,244,150","662,160,301,475.72","717,119,000,580","1,260,000,000,000","1,262,000,000,000","921,666,669,430","921,111,110,190","919,999,999,080","925,555,554,630","-3,489,583,327,750","1,861,111,109,250","522,500,000,000","467,500,000,000","264,215,002,595.26","322,760,000,000","322,760,000,000","190,448,276,300.1","189,941,258,131.52","186,620,418,340.56","232,608,300,689.26","238,168,658,996.25","551,992,319,295","359,364,547,920","359,364,547,920","356,581,858,321.5","342,376,130,520.59","443,718,977,312.37","363,196,760,072.82","353,779,031,727.44","158,754,406,363","158,871,915,176","305,522,913,800","305,522,913,800"
NormalizedIncome,"2,281,130,148,000","416,849,000,000","564,180,750,000","631,703,106,952.12","730,876,140,505.92","202,413,250,000","1,111,262,281,915.732","582,324,733,715.574","989,107,345,168.249","782,800,108,181.861","726,981,398,623.06","527,713,984,913.796","826,480,236,000","366,046,678,000","654,098,939,375.347","645,259,998,517.431","354,612,334,000","320,434,092,000","-23,266,434,354.477","343,157,870,000","250,149,656,000","97,288,660,000","464,164,689,250.128","335,501,799,334.753","251,423,440,000","256,799,980,000","343,305,379,416.111","552,009,192,520.911","455,301,069,200","-244,326,757,587.298","1,018,950,690,234.912","509,293,000,000","639,610,056,092.892","1,089,852,798,399.624","213,476,815,014.403","1,296,719,561,568.949","1,106,974,507,163.096","823,093,684,724.307","909,875,225,892.957","1,515,981,384,794.464","1,099,798,355,971.905","-160,383,567,928.423","1,583,301,761,892.325","245,607,194,289.136","282,289,672,543.391","1,101,292,250,000","1,428,923,019,115.761","1,521,402,810,698.642","1,097,381,093,857.775","875,316,594,080.76","895,118,886,591.84","887,278,305,932.04","880,756,543,236.36","844,105,271,951.85","953,003,829,600","739,026,942,618.087","691,634,244,150","662,160,301,475.72","717,119,000,580","1,247,184,727,681.078","1,262,000,000,000","921,666,669,430","921,111,110,190","919,999,999,080","925,555,554,630","-3,489,583,327,750","1,861,111,109,250","522,500,000,000","525,781,250,000","264,215,002,595.26","322,760,000,000","322,760,000,000","157,513,958,308.227","189,941,258,131.52","186,620,418,340.56","235,063,895,482.446","238,168,658,996.25","551,992,319,295","359,364,547,920","359,364,547,920","356,581,858,321.5","342,376,130,520.59","443,718,977,312.37","276,139,823,376.287","353,779,031,727.44","158,754,406,363","158,871,915,176","270,517,835,364.618","305,522,913,800"
InterestIncome,"352,384,000,000","124,093,000,000","74,314,000,000","78,450,000,000","75,527,000,000","99,922,000,000","80,381,000,000","85,106,000,000","71,849,000,000","71,236,000,000","63,056,000,000","37,740,000,000","40,419,000,000","41,079,000,000","48,733,000,000","40,135,000,000","52,528,000,000","49,247,000,000","55,292,000,000","41,083,000,000","64,571,000,000","62,922,000,000","51,094,000,000","53,223,000,000","61,015,000,000","72,154,000,000","64,124,000,000","60,209,000,000","63,911,000,000","-1,536,663,000,000","703,174,000,000","325,156,000,000","787,139,000,000","783,639,000,000","958,901,000,000","625,532,000,000","822,346,000,000","238,192,000,000","59,963,000,000","65,171,000,000","68,296,000,000","211,220,000,000","52,048,000,000","44,726,000,000","43,559,000,000","230,065,000,000","49,717,000,000","41,687,000,000","40,840,000,000",,,,,,,,,,,,,,,,,,,,,,,,,,,,,,,,,,,,,,,,
InterestExpense,"755,711,000,000","184,687,000,000","179,820,000,000","190,726,000,000","200,478,000,000","207,746,000,000","195,894,000,000","175,796,000,000","161,860,000,000","153,816,000,000","170,880,000,000","159,810,000,000","168,609,000,000","145,727,000,000","169,911,000,000","165,748,000,000","177,340,000,000","159,765,000,000","204,606,000,000","210,058,000,000","214,343,000,000","184,723,000,000","204,723,000,000","226,321,000,000","179,818,000,000","195,962,000,000","151,267,000,000","149,714,000,000","160,738,000,000","-1,162,007,000,000","667,334,000,000","649,321,000,000","716,809,000,000","557,462,000,000","2,006,521,000,000","581,533,000,000","721,178,000,000","430,343,000,000","82,875,000,000","74,381,000,000","69,170,000,000","315,892,000,000","75,353,000,000","80,007,000,000","60,838,000,000","247,885,000,000","39,907,000,000","28,660,000,000","28,233,000,000",,,,,,,,,,,,,,,,,,,,,,,,,,,,,,,,,,,,,,,,
NetInterestIncome,"-438,789,000,000","-76,141,000,000","-113,768,000,000","-114,313,000,000","-133,064,000,000","-144,654,000,000","-126,196,000,000","-88,387,000,000","-86,997,000,000","-83,280,000,000","-127,090,000,000","-134,889,000,000","-144,583,000,000","-126,016,000,000","-132,361,000,000","-135,474,000,000","-132,123,000,000","-147,927,000,000","-205,289,000,000","-220,483,000,000","-160,362,000,000","-137,284,000,000","-180,610,000,000","-200,115,000,000","-126,454,000,000","-135,613,000,000","-94,084,000,000","-98,949,000,000","-103,915,000,000","-482,171,000,000","35,840,000,000","-324,165,000,000","70,330,000,000","226,177,000,000","-1,047,620,000,000","43,999,000,000","101,168,000,000","-192,151,000,000","-22,912,000,000","-9,210,000,000","-874,000,000","-104,672,000,000","-23,305,000,000","-35,281,000,000","-17,279,000,000","-17,820,000,000","9,810,000,000","13,027,000,000","12,607,000,000",,,,,,,,,,,,,,,,,,,,,,,,,,,,,,,,,,,,,,,,
EBIT,"3,882,245,000,000","340,548,000,000","1,033,071,000,000","1,161,207,000,000","1,347,419,000,000","-34,646,000,000","1,641,858,000,000","1,105,227,000,000","1,644,873,000,000","918,972,000,000","1,402,161,000,000","933,033,000,000","1,494,000,000,000","80,645,000,000","833,255,000,000","434,201,000,000","722,234,000,000","178,162,000,000","-571,060,000,000","513,569,000,000","818,447,000,000","253,112,000,000","535,806,000,000","946,655,000,000","447,892,000,000","650,672,000,000","936,347,000,000","488,659,000,000","528,179,000,000","-495,070,000,000","1,757,954,000,000","1,384,737,000,000","1,592,321,000,000","1,823,789,000,000","2,261,676,000,000","2,406,755,000,000","2,156,870,000,000","1,218,412,000,000","1,425,325,000,000","1,569,205,000,000","1,781,513,000,000","1,994,188,000,000","1,281,488,000,000","525,894,000,000","469,796,000,000","1,385,006,000,000","1,718,888,000,000","1,968,308,000,000","1,368,122,000,000","-18,143,266,330,473.08","7,692,487,032,495.96","7,625,106,524,771.01","7,569,059,696,001.09","-14,404,485,759,515.97","6,930,767,066,640","978,157,648,600","5,926,070,063,800","-13,783,882,241,347.95","6,581,419,648,700","1,753,000,000,000","6,438,000,000,000","-12,221,999,982,640","5,786,666,660,880","5,779,999,994,220","5,819,999,994,180","-9,460,833,320,450","4,294,444,440,150","4,658,750,000,000","771,250,000,000","-8,869,544,748,621","4,206,416,250,000","4,206,416,250,000","277,070,292,414.45","-8,214,357,412,808.38","3,272,821,980,626.72","417,472,113,745.06","3,312,446,219,280","-6,542,830,531,043.4","3,030,405,792,252.8","3,030,405,792,252.8","3,006,940,264,765.06","-7,916,783,585,590.78","3,564,642,329,421.36","441,846,065,804.55","2,947,261,566,534.12","-7,921,034,066,704","3,496,357,222,002","526,204,464,614","3,135,840,183,718"
EBITDA,"7,343,360,000,000"
ReconciledCostOfRevenue,"55,244,493,000,000","14,362,798,000,000","12,961,585,000,000","14,520,579,000,000","13,399,531,000,000","14,942,656,000,000","13,271,512,000,000","13,155,235,000,000","12,705,720,000,000","12,212,106,000,000","12,278,090,000,000","12,325,965,000,000","12,045,590,000,000","12,545,464,000,000","10,028,640,000,000","10,548,512,000,000","10,178,014,000,000","12,048,752,000,000","11,669,086,000,000","12,754,402,000,000","12,573,323,000,000","13,626,557,000,000","13,626,522,000,000","14,184,365,000,000","13,062,712,000,000","14,136,478,000,000","12,972,229,000,000","13,136,987,000,000","12,301,843,000,000","12,776,946,000,000","13,237,266,000,000","13,667,888,000,000","14,076,512,000,000","16,135,745,000,000","14,098,330,000,000","13,830,401,000,000","13,598,951,000,000","32,557,056,000,000","6,460,066,000,000","5,199,520,000,000","4,623,849,000,000","12,893,939,000,000","4,977,197,000,000","5,391,811,000,000","5,345,227,000,000","15,520,679,000,000","5,986,271,000,000","4,734,167,000,000","4,043,382,000,000",,,,,,,"4,588,793,939,840",,,,"4,357,000,000,000",,,,,,,,,"2,288,750,000,000",,,,"2,199,116,715,933.3",,,"2,620,105,055,902.86",,,,,,,,"2,052,962,967,561.6",,,,"2,219,388,951,131",
ReconciledDepreciation,"3,461,115,000,000","874,888,000,000","1,475,886,000,000","246,319,000,000","864,022,000,000","826,670,000,000","799,880,000,000","818,842,000,000","822,237,000,000","835,289,000,000","819,528,000,000","808,777,000,000","833,826,000,000","794,495,000,000","818,546,000,000","795,811,000,000","804,995,000,000","839,363,000,000","795,541,000,000","767,393,000,000","815,949,000,000","856,425,000,000","834,724,000,000","789,219,000,000","758,181,000,000","678,914,000,000","684,801,000,000","660,837,000,000","660,998,000,000","694,694,000,000","656,258,000,000","613,939,000,000","598,869,000,000","608,815,000,000","576,419,000,000","545,438,000,000","521,243,000,000","1,293,638,000,000","576,323,000,000","541,843,000,000","539,079,000,000","1,035,406,000,000","530,419,000,000","509,113,000,000","477,839,000,000","959,469,000,000","474,567,000,000","478,391,000,000","466,864,000,000",,,,,,,,,,,,,,,,,,,,"342,500,000,000",,,,,,,,,,,,,,,"366,224,537,857.38",,,,"227,027,026,716",
NetIncomeFromContinuingOperationNetMinorityInterest,"1,864,405,000,000","79,991,000,000","430,875,000,000","612,286,000,000","741,253,000,000","-846,158,000,000","1,019,526,000,000","545,018,000,000","993,516,000,000","523,071,000,000","869,422,000,000","512,809,000,000","850,928,000,000","157,793,000,000","545,689,000,000","291,654,000,000","359,671,000,000","176,358,000,000","-541,627,000,000","198,179,000,000","338,584,000,000","-186,122,000,000","237,817,000,000","511,170,000,000","69,841,000,000","280,714,000,000","567,109,000,000","250,565,000,000","278,008,000,000","592,411,000,000","730,838,000,000","509,293,000,000","629,538,000,000","1,073,732,000,000","226,975,000,000","1,322,857,000,000","1,090,722,000,000","503,863,000,000","1,043,940,000,000","1,196,246,000,000","1,437,235,000,000","1,321,488,000,000","1,141,891,000,000","430,530,000,000","324,516,000,000","624,608,000,000","1,218,717,000,000","1,475,566,000,000","1,031,214,000,000","875,316,594,080.76","895,118,886,591.84","887,278,305,932.04","880,756,543,236.36","844,105,271,951.85","953,003,829,600","691,358,027,360","691,634,244,150","662,160,301,475.72","717,119,000,580","1,260,000,000,000","1,262,000,000,000","921,666,669,430","921,111,110,190","919,999,999,080","925,555,554,630","-3,489,583,327,750","1,861,111,109,250","522,500,000,000","467,500,000,000","264,215,002,595.26","322,760,000,000","322,760,000,000","190,448,276,300.1","189,941,258,131.52","186,620,418,340.56","232,608,300,689.26","238,168,658,996.25","551,992,319,295","359,364,547,920","359,364,547,920","356,581,858,321.5","342,376,130,520.59","443,718,977,312.37","363,196,760,072.82","353,779,031,727.44","158,754,406,363","158,871,915,176","305,522,913,800","305,522,913,800"
TotalUnusualItemsExcludingGoodwill,"-639,149,000,000","-449,144,000,000","-177,741,000,000","-27,654,000,000","15,289,000,000","-1,398,095,000,000","-125,416,000,000","-59,748,000,000","6,034,000,000","-400,874,000,000","193,448,000,000","-21,743,000,000","33,172,000,000","-274,741,000,000","-151,225,000,000","-430,428,000,000","8,146,000,000","-190,074,000,000","-610,832,000,000","-191,265,000,000","116,668,000,000","-363,347,000,000","-334,553,000,000","259,751,000,000","-232,798,000,000","30,659,000,000","311,516,000,000","-424,834,000,000","-222,898,000,000","994,822,000,000","-434,454,000,000",,"-13,873,000,000","-20,005,000,000","15,054,000,000","34,772,000,000","-21,347,000,000","-459,610,000,000","172,400,000,000","-399,540,000,000","402,027,000,000","1,903,804,000,000","-466,245,000,000","191,519,000,000","53,214,000,000","-635,579,000,000","-289,593,000,000","-60,253,000,000","-85,973,000,000",,,,,,,"-64,577,398,160",,,,"18,000,000,000",,,,,,,,,"-80,000,000,000",,,,"43,620,689,755.5",,,"-3,245,136,183.72",,,,,,,,"121,001,157,678.45",,,,"46,650,998,761",
TotalUnusualItems,"-639,149,000,000","-449,144,000,000","-177,741,000,000","-27,654,000,000","15,289,000,000","-1,398,095,000,000","-125,416,000,000","-59,748,000,000","6,034,000,000","-400,874,000,000","193,448,000,000","-21,743,000,000","33,172,000,000","-274,741,000,000","-151,225,000,000","-430,428,000,000","8,146,000,000","-190,074,000,000","-610,832,000,000","-191,265,000,000","116,668,000,000","-363,347,000,000","-334,553,000,000","259,751,000,000","-232,798,000,000","30,659,000,000","311,516,000,000","-424,834,000,000","-222,898,000,000","994,822,000,000","-434,454,000,000",,"-13,873,000,000","-20,005,000,000","15,054,000,000","34,772,000,000","-21,347,000,000","-459,610,000,000","172,400,000,000","-399,540,000,000","402,027,000,000","1,903,804,000,000","-466,245,000,000","191,519,000,000","53,214,000,000","-635,579,000,000","-289,593,000,000","-60,253,000,000","-85,973,000,000",,,,,,,"-64,577,398,160",,,,"18,000,000,000",,,,,,,,,"-80,000,000,000",,,,"43,620,689,755.5",,,"-3,245,136,183.72",,,,,,,,"121,001,157,678.45",,,,"46,650,998,761",
NormalizedEBITDA,"7,982,509,000,000","1,664,580,000,000","2,686,698,000,000","1,435,180,000,000","2,196,152,000,000","2,190,119,000,000","2,567,154,000,000","1,983,817,000,000","2,461,076,000,000","2,155,135,000,000","2,028,241,000,000","1,763,553,000,000","2,294,654,000,000","1,149,881,000,000","1,803,026,000,000","1,660,440,000,000","1,519,083,000,000","1,207,599,000,000","835,313,000,000","1,472,227,000,000","1,517,728,000,000","1,472,884,000,000","1,705,083,000,000","1,476,123,000,000","1,438,871,000,000","1,298,927,000,000","1,309,632,000,000","1,574,330,000,000","1,412,075,000,000","-795,198,000,000","2,848,666,000,000","1,998,676,000,000","2,205,063,000,000","2,452,609,000,000","2,823,041,000,000","2,917,421,000,000","2,699,460,000,000","2,971,660,000,000","1,829,248,000,000","2,510,588,000,000","1,918,565,000,000","1,125,790,000,000","2,278,152,000,000","843,488,000,000","894,421,000,000","2,980,054,000,000","2,483,048,000,000","2,506,952,000,000","1,920,959,000,000","-18,143,266,330,473.08","7,692,487,032,495.96","7,625,106,524,771.01","7,569,059,696,001.09","-14,404,485,759,515.97","6,930,767,066,640","1,042,735,046,760","5,926,070,063,800","-13,783,882,241,347.95","6,581,419,648,700","1,735,000,000,000","6,438,000,000,000","-12,221,999,982,640","5,786,666,660,880","5,779,999,994,220","5,819,999,994,180","-9,460,833,320,450","4,294,444,440,150","4,658,750,000,000","1,193,750,000,000","-8,869,544,748,621","4,206,416,250,000","4,206,416,250,000","233,449,602,658.95","-8,214,357,412,808.38","3,272,821,980,626.72","420,717,249,928.78","3,312,446,219,280","-6,542,830,531,043.4","3,030,405,792,252.8","3,030,405,792,252.8","3,006,940,264,765.06","-7,916,783,585,590.78","3,564,642,329,421.36","687,069,445,983.48","2,947,261,566,534.12","-7,921,034,066,704","3,496,357,222,002","706,580,492,569","3,135,840,183,718"
TaxRateForCalcs,"0.348","0.25","0.25","0.298","0.321","0.25","0.269","0.376","0.269","0.352","0.264","0.314","0.263","0.242","0.283","0.178","0.379","0.242","0.151","0.242","0.242","0.22","0.323","0.324","0.22","0.22","0.282","0.29","0.205","0.159","0.337","0.367","0.274","0.194","0.103","0.248","0.239","0.305","0.222","0.2","0.161","0.222","0.053","0.034","0.206","0.25","0.274","0.239","0.23","0.25","0.25","0.25","0.25","0.4","0.4","0.262","0.4","0.4","0.4","0.288","0.4","0.4","0.4","0.4","0.4","0.4","0.4","0.4","0.271","0.4","0.4","0.4","0.245","0.4","0.4","0.243","0.4","0.4","0.4","0.4","0.4","0.4","0.4","0.281","0.4","0.4","0.4","0.25","0.4"
TaxEffectOfUnusualItems,"-222,423,852,000","-112,286,000,000","-44,435,250,000","-8,236,893,047.88","4,912,140,505.92","-349,523,750,000","-33,679,718,084.268","-22,441,266,284.426","1,625,345,168.249","-141,144,891,818.139","51,007,398,623.06","-6,838,015,086.204","8,724,236,000","-66,487,322,000","-42,815,060,624.653","-76,822,001,482.569","3,087,334,000","-45,997,908,000","-92,471,434,354.477","-46,286,130,000","28,233,656,000","-79,936,340,000","-108,205,310,749.872","84,082,799,334.753","-51,215,560,000","6,744,980,000","87,712,379,416.11","-123,389,807,479.09","-45,604,930,800","158,084,242,412.702","-146,341,309,765.088","0","-3,800,943,907.108","-3,884,201,600.377","1,555,815,014.403","8,634,561,568.949","-5,094,492,836.904","-140,379,315,275.693","38,335,225,892.957","-79,804,615,205.536","64,590,355,971.905","421,932,432,071.577","-24,834,238,107.675","6,596,194,289.136","10,987,672,543.391","-158,894,750,000","-79,386,980,884.239","-14,416,189,301.358","-19,805,906,142.225","0","0","0","0","0","0","-16,908,482,901.913","0","0","0","5,184,727,681.078","0","0","0","0","0","0","0","0","-21,718,750,000","0","0","0","10,686,371,763.627","0","0","-789,541,390.534","0","0","0","0","0","0","0","33,944,220,981.917","0","0","0","11,645,920,325.618","0"