name,ttm,12/31/2019,09/30/2019,06/30/2019,03/31/2019,12/31/2018,09/30/2018,06/30/2018,03/31/2018,12/31/2017,09/30/2017,06/30/2017,03/31/2017,12/31/2016,09/30/2016,06/30/2016,03/31/2016,12/31/2015,09/30/2015,06/30/2015,03/31/2015,12/31/2014,09/30/2014,06/30/2014,03/31/2014,12/31/2013,09/30/2013,06/30/2013,03/31/2013,12/31/2012,09/30/2012,06/30/2012,03/31/2012,12/31/2011,09/30/2011,06/30/2011,03/31/2011,12/31/2010,09/30/2010
TotalRevenue,"5,726,600,000","1,456,800,000","1,442,800,000","1,439,200,000","1,387,800,000","1,411,300,000","1,629,900,000","1,608,100,000","1,586,100,000","1,433,100,000","1,448,500,000","1,272,100,000","1,255,400,000","1,249,800,000","1,260,800,000","1,246,100,000","1,271,100,000","1,248,800,000","1,309,800,000","1,211,800,000","1,052,700,000","1,073,900,000","1,043,100,000","633,000,000","438,000,000","297,000,000","291,700,000","257,300,000","248,200,000","236,900,000","247,200,000","241,900,000","250,500,000","219,300,000","237,800,000","247,700,000","259,000,000","223,700,000","239,900,000"
	OperatingRevenue,"5,726,600,000","1,456,800,000","1,442,800,000","1,439,200,000","1,387,800,000","1,411,300,000","1,629,900,000","1,608,100,000","1,586,100,000","1,433,100,000","1,448,500,000","1,272,100,000","1,255,400,000","1,249,800,000","1,260,800,000","1,246,100,000","1,271,100,000","1,248,800,000","1,309,800,000","1,211,800,000","1,052,700,000","1,073,900,000","1,043,100,000","633,000,000","438,000,000","297,000,000","291,700,000","257,300,000","248,200,000","236,900,000","247,200,000","241,900,000","250,500,000","219,300,000","237,800,000","247,700,000","259,000,000","223,700,000","239,900,000"
CostOfRevenue,"3,889,500,000","985,300,000","990,600,000","977,100,000","936,500,000","984,800,000","1,151,900,000","1,146,700,000","1,110,400,000","981,400,000","1,011,400,000","878,400,000","891,300,000","870,600,000","883,400,000","847,900,000","861,800,000","886,300,000","976,500,000","895,300,000","777,200,000","824,800,000","814,400,000","484,400,000","308,600,000","182,500,000","179,200,000","153,100,000","145,700,000","131,200,000","137,100,000","132,100,000","139,500,000","121,300,000","135,000,000","133,800,000","133,900,000","113,900,000","123,400,000"
GrossProfit,"1,837,100,000","471,500,000","452,200,000","462,100,000","451,300,000","426,500,000","478,000,000","461,400,000","475,700,000","451,700,000","437,100,000","393,700,000","364,100,000","379,200,000","377,400,000","398,200,000","409,300,000","362,500,000","333,300,000","316,500,000","275,500,000","249,100,000","228,700,000","148,600,000","129,400,000","114,500,000","112,500,000","104,200,000","102,500,000","105,700,000","110,100,000","109,800,000","111,000,000","98,000,000","102,800,000","113,900,000","125,100,000","109,800,000","116,500,000"
OperatingExpense,"1,092,600,000","275,500,000","285,600,000","263,900,000","267,600,000","257,300,000","282,200,000","273,600,000","311,400,000","287,200,000","294,500,000","203,200,000","226,600,000","303,000,000","269,100,000","256,200,000","246,800,000","229,600,000","231,700,000","235,200,000","223,100,000","207,000,000","172,400,000","141,000,000","117,600,000","88,800,000","84,400,000","77,000,000","73,600,000","75,400,000","77,000,000","68,300,000","77,800,000","66,700,000","62,900,000","65,200,000","66,600,000","59,000,000","56,700,000"
	SellingGeneralAndAdministration,"929,800,000","235,300,000","245,500,000","223,200,000","225,800,000","217,100,000","239,600,000","225,600,000","264,300,000","245,700,000","251,800,000","164,200,000","187,300,000","264,100,000","231,100,000","216,000,000","205,600,000","187,000,000","197,200,000","193,300,000","173,700,000","166,000,000","137,900,000","120,300,000","104,800,000","83,000,000","79,200,000","73,000,000","70,100,000","72,100,000","71,700,000","65,100,000","74,200,000","63,500,000","59,200,000","62,100,000","63,300,000","54,900,000","52,700,000"
	DepreciationAmortizationDepletionIncomeStatement,"161,100,000","40,100,000","40,300,000","40,300,000","40,400,000","40,300,000","42,300,000","47,200,000","46,400,000","41,500,000","42,300,000","38,900,000","39,000,000","38,900,000","38,200,000","38,200,000","38,100,000","38,100,000","37,800,000","36,700,000","33,700,000","33,500,000","32,000,000","20,400,000","12,700,000","5,700,000","4,700,000","3,500,000","3,200,000","3,200,000","3,200,000","3,100,000","3,100,000","3,200,000","3,200,000","3,100,000","3,200,000","3,100,000","3,200,000"
		DepreciationAndAmortizationInIncomeStatement,"161,100,000","40,100,000","40,300,000","40,300,000","40,400,000","40,300,000","42,300,000","47,200,000","46,400,000","41,500,000","42,300,000","38,900,000","39,000,000","38,900,000","38,200,000","38,200,000","38,100,000","38,100,000","37,800,000","36,700,000","33,700,000","33,500,000","32,000,000","20,400,000","12,700,000","5,700,000","4,700,000","3,500,000","3,200,000","3,200,000","3,200,000","3,100,000","3,100,000","3,200,000","3,200,000","3,100,000","3,200,000","3,100,000","3,200,000"
			Amortization,"161,100,000","40,100,000","40,300,000","40,300,000","40,400,000","40,300,000","42,300,000","47,200,000","46,400,000","41,500,000","42,300,000","38,900,000","39,000,000","38,900,000","38,200,000","38,200,000","38,100,000","38,100,000","37,800,000","36,700,000","33,700,000","33,500,000","32,000,000","20,400,000","12,700,000","5,700,000","4,700,000","3,500,000","3,200,000","3,200,000","3,200,000","3,100,000","3,100,000","3,200,000","3,200,000","3,100,000","3,200,000","3,100,000","3,200,000"
				AmortizationOfIntangiblesIncomeStatement,"161,100,000","40,100,000","40,300,000","40,300,000","40,400,000","40,300,000","42,300,000","47,200,000","46,400,000","41,500,000","42,300,000","38,900,000","39,000,000","38,900,000","38,200,000","38,200,000","38,100,000","38,100,000","37,800,000","36,700,000","33,700,000","33,500,000","32,000,000","20,400,000","12,700,000","5,700,000","4,700,000","3,500,000","3,200,000","3,200,000","3,200,000","3,100,000","3,100,000","3,200,000","3,200,000","3,100,000","3,200,000","3,100,000","3,200,000"
	OtherOperatingExpenses,"1,700,000","100,000","-200,000","400,000","1,400,000","-100,000","300,000","800,000","700,000",,"400,000","100,000","300,000",,"-200,000","2,000,000","3,100,000","4,500,000","-3,300,000","5,200,000","15,700,000","7,500,000","2,500,000","300,000","100,000","100,000","500,000","500,000","300,000","100,000","2,100,000","100,000","500,000",,"500,000",,"100,000","1,000,000","800,000"
OperatingIncome,"744,500,000","196,000,000","166,600,000","198,200,000","183,700,000","169,200,000","195,800,000","187,800,000","164,300,000","164,500,000","142,600,000","190,500,000","137,500,000","76,200,000","108,300,000","142,000,000","162,500,000","132,900,000","101,600,000","81,300,000","52,400,000","42,100,000","56,300,000","7,600,000","11,800,000","25,700,000","28,100,000","27,200,000","28,900,000","30,300,000","33,100,000","41,500,000","33,200,000","31,300,000","39,900,000","48,700,000","58,500,000","50,800,000","59,800,000"
NetNonOperatingInterestIncomeExpense,"-365,900,000","-102,900,000","-91,900,000","-85,600,000","-85,500,000","-59,400,000","-99,100,000","-98,900,000","-98,800,000","-90,500,000","-85,200,000","-76,500,000","-80,200,000","-72,900,000","-74,200,000","-77,300,000","-77,200,000","-77,800,000","-102,600,000","-65,000,000","-59,800,000","-60,100,000","-60,400,000","-57,000,000","-37,300,000","-29,000,000","-25,500,000","-19,200,000","-21,600,000","-19,200,000","-16,100,000","-16,100,000","-15,100,000","-13,000,000","-12,900,000","-12,800,000","-12,900,000","-12,900,000","-12,900,000"
	InterestExpenseNonOperating,"365,900,000","102,900,000","91,900,000","85,600,000","85,500,000","59,400,000","99,100,000","98,900,000","98,800,000","90,500,000","85,200,000","76,500,000","80,200,000","72,900,000","74,200,000","77,300,000","77,200,000","77,800,000","102,600,000","65,000,000","59,800,000","60,100,000","60,400,000","57,000,000","37,300,000","29,000,000","25,500,000","19,200,000","21,600,000","19,200,000","16,100,000","16,100,000","15,100,000","13,000,000","12,900,000","12,800,000","12,900,000","12,900,000","12,900,000"
	TotalOtherFinanceCost,,,,,,,,,,,,,,,,,,,,,,,,,,,,,,,,,"15,100,000",,,,,,
OtherIncomeExpense,"-255,100,000","51,700,000","-167,600,000","-82,500,000","-56,700,000","70,600,000","-99,300,000","23,300,000","50,200,000","-34,600,000","-35,000,000","-205,600,000","-61,500,000","144,500,000","-99,900,000","-62,600,000","-90,900,000","-15,900,000","-111,800,000","41,900,000","-31,500,000","-55,800,000","-325,600,000","-6,400,000","-12,100,000","-500,000","-3,700,000","-3,000,000",,,"0",,"1,000,000","600,000","-476,100,000","-33,500,000","-2,700,000","-1,700,000","-18,600,000"
	GainOnSaleOfSecurity,"-193,500,000","61,400,000","-105,700,000","-86,200,000","-63,000,000","-51,700,000","25,200,000",,,,,,,,,,,,,,"-2,700,000","-1,200,000","-1,100,000","600,000","-11,900,000",,,,,,,,,,,,,,
	EarningsFromEquityInterest,,,,,,,,,,,,,,,,,,,,,,,,,,,,,,,,,,,"1,300,000",,,,"800,000"
	SpecialIncomeCharges,"-74,300,000","-12,900,000","-64,000,000","0","2,600,000","118,600,000","-124,500,000","6,100,000","-300,000","-37,300,000","-26,500,000","-160,400,000","-62,500,000",,"-86,400,000",,,,"-60,800,000",,,,"-295,800,000","-200,000","-200,000","-500,000","-3,700,000","-3,000,000",,,"-1,600,000","0","1,000,000","600,000","-477,400,000","-33,500,000","-2,700,000","-1,700,000","-19,400,000"
		RestructuringAndMergernAcquisition,,,,,,,,,,,,,,,,,,,,,,,"200,000","200,000","200,000","500,000","800,000","3,000,000",,,,,,,,,,,
		ImpairmentOfCapitalAssets,,,"63,300,000",,,,"124,900,000",,,,"26,500,000",,,,,,,,"60,800,000",,,,"295,600,000",,,,"2,900,000",,,,"0","0",,,"471,400,000","32,100,000",,,"19,400,000"
		OtherSpecialCharges,"12,900,000","12,900,000","0",,,"6,100,000","-400,000","-6,100,000","300,000","37,300,000","0","160,400,000","62,500,000",,"86,400,000",,,,,,,,,,,,,,,,,,,,"6,000,000","1,400,000",,,
		GainOnSaleOfBusiness,,,"-700,000","0","2,600,000","124,700,000",,,,,,,,,,,,,,,,,,,,,,,,,,,,,,,,,
	OtherNonOperatingIncomeExpenses,"12,700,000","3,200,000","2,100,000","3,700,000","3,700,000","3,700,000",,"17,200,000","50,500,000","2,700,000","-8,500,000","-45,200,000","1,000,000","144,500,000","-13,500,000","-62,600,000","-90,900,000","-15,900,000","-51,000,000","41,900,000","-28,800,000","-54,600,000","-28,700,000","-6,800,000",,,,,,,,,,,,,,,
PretaxIncome,"123,500,000","144,800,000","-92,900,000","30,100,000","41,500,000","180,400,000","-2,600,000","112,200,000","115,700,000","39,400,000","22,400,000","-91,600,000","-4,200,000","147,800,000","-65,800,000","2,100,000","-5,600,000","39,200,000","-112,800,000","58,200,000","-38,900,000","-73,800,000","-329,700,000","-55,800,000","-37,600,000","-3,800,000","-1,100,000","5,000,000","7,300,000","11,100,000","17,000,000","25,400,000","19,100,000","18,900,000","-449,100,000","2,400,000","42,900,000","36,200,000","28,300,000"
TaxProvision,"-17,300,000","30,400,000","-43,500,000","7,400,000","-11,600,000","43,800,000","12,500,000","15,400,000","23,900,000","-255,800,000","8,200,000","-32,100,000","-200,000","50,200,000","-28,800,000","-1,200,000","-10,500,000","13,700,000","-40,300,000","34,200,000","-69,400,000","23,500,000","-42,300,000","-20,700,000","-19,300,000","-1,400,000","-200,000","1,600,000","2,200,000","3,500,000","6,200,000","9,600,000","8,600,000","6,100,000","-32,500,000","800,000","13,800,000","11,600,000","10,200,000"
EarningsFromEquityInterestNetOfTax,"-33,600,000","-7,300,000","-11,300,000","-6,200,000","-8,800,000","-10,700,000","-300,000",,,,,,,,,,,,,,,,,,,,,,,,,,,,,,,,
NetIncomeCommonStockholders,"97,300,000","99,200,000","-61,100,000","16,200,000","43,000,000","123,600,000","-17,600,000","94,500,000","88,900,000","291,500,000","10,900,000","-62,900,000","-7,400,000","94,200,000","-40,400,000","0","1,500,000","10,500,000","-76,800,000","19,800,000","26,300,000","-101,600,000","-291,700,000","-39,300,000","-22,600,000","-5,000,000","-3,200,000","1,100,000","4,300,000","7,600,000","10,800,000","15,800,000","10,500,000","12,800,000","-416,600,000","1,600,000","29,100,000","24,600,000","18,100,000"
	NetIncome,"98,300,000","99,200,000","-61,100,000","16,200,000","44,000,000","125,600,000","-15,600,000","96,500,000","91,500,000","294,900,000","14,200,000","-59,500,000","-4,000,000","97,600,000","-37,000,000","3,300,000","4,900,000","25,500,000","-72,500,000","24,000,000","30,500,000","-97,300,000","-287,400,000","-35,100,000","-18,300,000","-2,400,000","-900,000","3,400,000","5,100,000","7,600,000","10,800,000","15,800,000","10,500,000","12,800,000","-416,600,000","1,600,000","29,100,000","24,600,000","18,100,000"
		NetIncomeIncludingNoncontrollingInterests,"107,200,000","107,100,000","-60,700,000","16,500,000","44,300,000","125,900,000","-15,400,000","96,800,000","91,800,000","295,200,000","14,200,000","-59,500,000","-4,000,000","97,600,000","-37,000,000","3,300,000","4,900,000","25,500,000","-72,500,000","24,000,000","30,500,000","-97,300,000","-287,400,000","-35,100,000","-18,300,000","-2,400,000","-900,000","3,400,000","5,100,000","7,600,000","10,800,000","15,800,000","10,500,000","12,800,000","-416,600,000","1,600,000","29,100,000","24,600,000","18,100,000"
			NetIncomeContinuousOperations,"107,200,000","107,100,000","-60,700,000","16,500,000","44,300,000","125,900,000","-15,400,000","96,800,000","91,800,000","295,200,000","14,200,000","-59,500,000","-4,000,000","97,600,000","-37,000,000","3,300,000","4,900,000","25,500,000","-72,500,000","24,000,000","30,500,000","-97,300,000","-287,400,000","-35,100,000","-18,300,000","-2,400,000","-900,000","3,400,000","5,100,000","7,600,000","10,800,000","15,800,000","10,500,000","12,800,000","-416,600,000","1,600,000","29,100,000","24,600,000","18,100,000"
		MinorityInterests,"-8,900,000","-7,900,000","-400,000","-300,000","-300,000","-300,000","-200,000","-300,000","-300,000","-300,000","0",,,,,,,,,,,,,,,,,,,,,,,,,,,,
	PreferredStockDividends,,,"0",,"1,000,000","2,000,000","2,000,000","2,000,000","2,600,000","3,400,000","3,300,000","3,400,000","3,400,000","3,400,000","3,400,000","3,300,000","3,400,000","15,000,000","4,300,000","4,200,000","4,200,000","4,300,000","4,300,000","4,200,000","4,300,000","2,600,000","2,300,000","2,300,000","800,000",,,,,,,,,,
AverageDilutionEarnings,,,,"0","1,000,000",,,,,,,,,,,,,,,,,,,,,,,,,,,,,,,,,,
DilutedNIAvailtoComStockholders,"97,300,000","99,200,000","-64,100,000","16,200,000","44,000,000","123,600,000","-17,600,000","94,500,000","88,900,000","291,500,000","10,900,000","-62,900,000","-7,400,000","94,200,000","-40,400,000","0","1,500,000","10,500,000","-76,800,000","19,800,000","26,300,000","-101,600,000","-291,700,000","-39,300,000","-22,600,000","-5,000,000","-3,200,000","1,100,000","4,300,000","7,600,000","10,800,000","15,800,000","10,500,000","12,800,000","-416,600,000","1,600,000","29,100,000","24,600,000","18,100,000"
BasicEPS,,"1.4","-0.84","0.22","0.61","1.85","-0.26","1.41","1.33","4.42","0.16","-0.93","-0.11","1.36","-0.58","0","0.02","0.16","-1.21","0.34","0.48","-2.04","-5.86","-0.92","-0.67","-0.15","-0.1","0.03","0.13","0.23","0.32","0.46","0.31","0.37",,"0.05","0.85","0.72",
DilutedEPS,,"1.38","-0.84","0.21","0.58","1.67","-0.26","1.29","1.2","3.82","0.16","-0.93","-0.11","1.22","-0.58","0","0.02","0.15","-1.21","0.33","0.45","-2.04","-5.86","-0.92","-0.67","-0.15","-0.1","0.03","0.13","0.23","0.31","0.46","0.3","0.37",,"0.05","0.85","0.72",
BasicAverageShares,,"70,700,000","72,900,000","73,300,000","70,600,000","66,700,000","66,600,000","67,000,000","66,800,000","66,000,000","66,100,000","67,500,000","68,200,000","69,200,000","69,600,000","69,200,000","69,100,000","67,400,000","63,600,000","58,900,000","54,500,000","49,800,000","49,800,000","42,600,000","33,600,000","32,700,000","32,700,000","32,688,799","32,650,000","32,600,000","34,200,000","34,300,000","34,400,000","34,400,000",,"34,300,000","34,300,000","34,400,000",
DilutedAverageShares,,"72,100,000","72,900,000","75,400,000","75,300,000","75,100,000","66,600,000","75,000,000","76,000,000","77,300,000","68,300,000","67,500,000","68,200,000","79,700,000","69,600,000","69,200,000","70,500,000","68,800,000","63,600,000","60,800,000","67,600,000","49,800,000","49,800,000","42,600,000","33,600,000","32,700,000","32,700,000","32,688,799","32,900,000","32,700,000","34,400,000","34,500,000","34,600,000","34,400,000",,"34,400,000","34,400,000","34,400,000",
TotalOperatingIncomeAsReported,"683,100,000","196,000,000","102,600,000","198,200,000","186,300,000","293,900,000","70,900,000","187,800,000","164,300,000","164,500,000","116,100,000","190,500,000","137,500,000","76,200,000","108,300,000","142,000,000","162,500,000","132,900,000","40,800,000","81,300,000","49,700,000","40,900,000","-240,600,000","8,000,000","-300,000","25,200,000","24,400,000","24,200,000","28,900,000","30,300,000","33,100,000","41,500,000","33,200,000","31,300,000","-431,500,000","16,600,000","58,500,000","50,800,000","40,400,000"
TotalExpenses,"4,982,100,000","1,260,800,000","1,276,200,000","1,241,000,000","1,204,100,000","1,242,100,000","1,434,100,000","1,420,300,000","1,421,800,000","1,268,600,000","1,305,900,000","1,081,600,000","1,117,900,000","1,173,600,000","1,152,500,000","1,104,100,000","1,108,600,000","1,115,900,000","1,208,200,000","1,130,500,000","1,000,300,000","1,031,800,000","986,800,000","625,400,000","426,200,000","271,300,000","263,600,000","230,100,000","219,300,000","206,600,000","214,100,000","200,400,000","217,300,000","188,000,000","197,900,000","199,000,000","200,500,000","172,900,000","180,100,000"
NetIncomeFromContinuingAndDiscontinuedOperation,"98,300,000","99,200,000","-61,100,000","16,200,000","44,000,000","125,600,000","-15,600,000","96,500,000","91,500,000","294,900,000","14,200,000","-59,500,000","-4,000,000","97,600,000","-37,000,000","3,300,000","4,900,000","25,500,000","-72,500,000","24,000,000","30,500,000","-97,300,000","-287,400,000","-35,100,000","-18,300,000","-2,400,000","-900,000","3,400,000","5,100,000","7,600,000","10,800,000","15,800,000","10,500,000","12,800,000","-416,600,000","1,600,000","29,100,000","24,600,000","18,100,000"
NormalizedIncome,"293,794,000","60,885,000","62,781,000","81,194,800","88,092,000","74,956,700","75,285,000","91,235,700","91,737,900","317,280,000","30,999,107.143","44,760,000","55,500,000","97,600,000","-37,000,000","3,300,000","4,900,000","25,500,000","-72,500,000","24,000,000","32,120,000","-96,520,000","-28,591,810.737","-35,351,600","-10,435,000","-2,084,000","2,127,272.727","5,440,000","5,100,000","7,600,000","11,816,470.588","15,800,000","9,850,000","12,393,650.794","26,252,015.141","23,933,333.333","30,931,468.531","25,755,248.619","30,507,773.852"
InterestExpense,"365,900,000","102,900,000","91,900,000","85,600,000","85,500,000","59,400,000","99,100,000","98,900,000","98,800,000","90,500,000","85,200,000","76,500,000","80,200,000","72,900,000","74,200,000","77,300,000","77,200,000","77,800,000","102,600,000","65,000,000","59,800,000","60,100,000","60,400,000","57,000,000","37,300,000","29,000,000","25,500,000","19,200,000","21,600,000","19,200,000","16,100,000","16,100,000","15,100,000","13,000,000","12,900,000","12,800,000","12,900,000","12,900,000","12,900,000"
NetInterestIncome,"-365,900,000","-102,900,000","-91,900,000","-85,600,000","-85,500,000","-59,400,000","-99,100,000","-98,900,000","-98,800,000","-90,500,000","-85,200,000","-76,500,000","-80,200,000","-72,900,000","-74,200,000","-77,300,000","-77,200,000","-77,800,000","-102,600,000","-65,000,000","-59,800,000","-60,100,000","-60,400,000","-57,000,000","-37,300,000","-29,000,000","-25,500,000","-19,200,000","-21,600,000","-19,200,000","-16,100,000","-16,100,000","-15,100,000","-13,000,000","-12,900,000","-12,800,000","-12,900,000","-12,900,000","-12,900,000"
EBIT,"489,400,000","247,700,000","-1,000,000","115,700,000","127,000,000","239,800,000","96,500,000","211,100,000","214,500,000","129,900,000","107,600,000","-15,100,000","76,000,000","220,700,000","8,400,000","79,400,000","71,600,000","117,000,000","-10,200,000","123,200,000","20,900,000","-13,700,000","-269,300,000","1,200,000","-300,000","25,200,000","24,400,000","24,200,000","28,900,000","30,300,000","33,100,000","41,500,000","34,200,000","31,900,000","-436,200,000","15,200,000","55,800,000","49,100,000","41,200,000"
EBITDA,"865,700,000"
ReconciledCostOfRevenue,"3,674,300,000","935,100,000","939,400,000","920,700,000","879,100,000","931,500,000","1,096,600,000","1,088,200,000","1,052,200,000","932,400,000","963,500,000","839,500,000","852,300,000","832,400,000","845,700,000","810,400,000","823,500,000","849,600,000","938,200,000","861,600,000","747,700,000","795,200,000","784,500,000","462,100,000","291,200,000","167,100,000","161,300,000","134,800,000","132,700,000","118,200,000","124,000,000","119,200,000","126,600,000","109,600,000","123,300,000","122,200,000","122,600,000","102,400,000","112,800,000"
ReconciledDepreciation,"376,300,000","90,300,000","91,500,000","96,700,000","97,800,000","93,600,000","97,600,000","105,700,000","104,600,000","90,500,000","90,200,000","77,800,000","78,000,000","77,100,000","75,900,000","75,700,000","76,400,000","74,800,000","76,100,000","70,400,000","63,200,000","63,100,000","61,900,000","42,700,000","30,100,000","21,100,000","22,600,000","21,800,000","16,200,000","16,200,000","16,300,000","16,000,000","16,000,000","14,900,000","14,900,000","14,700,000","14,500,000","14,600,000","13,800,000"
NetIncomeFromContinuingOperationNetMinorityInterest,"98,300,000","99,200,000","-61,100,000","16,200,000","44,000,000","125,600,000","-15,600,000","96,500,000","91,500,000","294,900,000","14,200,000","-59,500,000","-4,000,000","97,600,000","-37,000,000","3,300,000","4,900,000","25,500,000","-72,500,000","24,000,000","30,500,000","-97,300,000","-287,400,000","-35,100,000","-18,300,000","-2,400,000","-900,000","3,400,000","5,100,000","7,600,000","10,800,000","15,800,000","10,500,000","12,800,000","-416,600,000","1,600,000","29,100,000","24,600,000","18,100,000"
TotalUnusualItemsExcludingGoodwill,"-267,800,000","48,500,000","-169,700,000","-86,200,000","-60,400,000","66,900,000","-124,500,000","6,100,000","-300,000","-37,300,000","-26,500,000","-160,400,000","-62,500,000",,"-86,400,000",,,,"-60,800,000",,"-2,700,000","-1,200,000","-296,900,000","400,000","-12,100,000","-500,000","-3,700,000","-3,000,000",,,"-1,600,000","0","1,000,000","600,000","-477,400,000","-33,500,000","-2,700,000","-1,700,000","-19,400,000"
TotalUnusualItems,"-267,800,000","48,500,000","-169,700,000","-86,200,000","-60,400,000","66,900,000","-124,500,000","6,100,000","-300,000","-37,300,000","-26,500,000","-160,400,000","-62,500,000",,"-86,400,000",,,,"-60,800,000",,"-2,700,000","-1,200,000","-296,900,000","400,000","-12,100,000","-500,000","-3,700,000","-3,000,000",,,"-1,600,000","0","1,000,000","600,000","-477,400,000","-33,500,000","-2,700,000","-1,700,000","-19,400,000"
NormalizedEBITDA,"1,133,500,000","289,500,000","260,200,000","298,600,000","285,200,000","266,500,000","318,600,000","310,700,000","319,400,000","257,700,000","224,300,000","223,100,000","216,500,000","297,800,000","84,300,000","155,100,000","148,000,000","191,800,000","65,900,000","193,600,000","86,800,000","50,600,000","89,500,000","43,500,000","41,900,000","46,800,000","50,700,000","49,000,000","45,100,000","46,500,000","51,000,000","57,500,000","49,200,000","46,200,000","56,100,000","63,400,000","73,000,000","65,400,000","74,400,000"
TaxRateForCalcs,"0.27","0.21","0.27","0.246","0.27","0.243","0.27","0.137","0.207","0.4","0.366","0.35","0.048","0.34","0.4","0.4","0.4","0.349","0.357","0.4","0.4","0.35","0.128","0.371","0.35","0.368","0.182","0.32","0.301","0.315","0.365","0.378","0.35","0.323","0.072","0.333","0.322","0.32","0.36"
TaxEffectOfUnusualItems,"-72,306,000","10,185,000","-45,819,000","-21,205,200","-16,308,000","16,256,700","-33,615,000","835,700","-62,100","-14,920,000","-9,700,892.857","-56,140,000","-3,000,000","0","0","0","0","0","0","0","-1,080,000","-420,000","-38,091,810.737","148,400","-4,235,000","-184,000","-672,727.273","-960,000","0","0","-583,529.412","0","350,000","193,650.794","-34,547,984.859","-11,166,666.667","-868,531.469","-544,751.381","-6,992,226.148"