name,ttm,12/31/2019,12/31/2018,12/31/2017,12/31/2016,12/31/2015,12/31/2014,12/31/2013,12/31/2012,12/31/2011,12/31/2010,12/31/2009,12/31/2008,12/31/2007,12/31/2006,12/31/2005,12/31/2004,12/31/2003,12/31/2002,12/31/2001,12/31/2000,09/30/1999,09/30/1998,09/30/1997,09/30/1996,09/30/1995,09/30/1994,09/30/1993,09/30/1992,09/30/1991,09/30/1990,09/30/1989,09/30/1988,09/30/1987,09/30/1986,09/30/1985
TotalRevenue,"12,110,000,000","11,985,000,000","13,341,000,000","12,716,000,000","12,716,000,000","13,057,000,000","14,675,000,000","19,050,000,000","17,329,000,000","28,978,000,000","31,868,000,000","38,690,000,000","25,868,000,000","31,115,000,000","28,002,000,000","25,902,000,000","22,754,000,000","19,229,000,000","16,815,000,000","14,581,000,000",,,,,,,,,,,,,,,,
	NetInterestIncome,"7,956,000,000","8,047,000,000","8,656,000,000","8,987,000,000","8,708,000,000","8,767,000,000","9,258,000,000","10,981,000,000","11,402,000,000","12,679,000,000","14,209,000,000","16,504,000,000","18,675,000,000","12,668,000,000","10,596,000,000","9,918,000,000","9,208,000,000","8,301,000,000","7,849,000,000","6,869,000,000",,,,,,,,,,,,,,,,
		InterestIncome,"11,311,000,000","11,375,000,000","11,049,000,000","11,034,000,000","11,258,000,000","11,925,000,000","13,079,000,000","16,740,000,000","18,530,000,000","21,410,000,000","22,776,000,000","33,836,000,000","49,522,000,000","33,420,000,000","24,688,000,000","21,331,000,000","16,696,000,000","13,998,000,000","13,561,000,000","14,421,000,000",,,,,,,,,,,,,,,,
		InterestExpense,"3,355,000,000","3,328,000,000","2,393,000,000","2,047,000,000","2,550,000,000","3,158,000,000","3,821,000,000","5,759,000,000","7,128,000,000","8,731,000,000","8,567,000,000","17,332,000,000","30,847,000,000","20,752,000,000","14,092,000,000","11,413,000,000","7,488,000,000","5,697,000,000","5,712,000,000","7,552,000,000",,,,,,,,,,,,,,,,
	NonInterestIncome,"4,154,000,000","3,938,000,000","4,685,000,000","3,729,000,000","4,008,000,000","4,290,000,000","5,417,000,000","8,069,000,000","5,927,000,000","16,299,000,000","17,659,000,000","22,186,000,000","7,193,000,000","18,447,000,000","17,406,000,000","15,984,000,000","13,546,000,000","10,928,000,000","8,966,000,000","7,712,000,000",,,,,,,,,,,,,,,,
		TotalPremiumsEarned,,,"357,000,000",,,,,,"1,000,000",,,,,"6,398,000,000","6,243,000,000","6,076,000,000","6,146,000,000","3,123,000,000",,"1,375,000,000",,,,,,,,,,,,,,,,
		FeesAndCommissions,"2,423,000,000","2,511,000,000","2,357,000,000","2,455,000,000","2,535,000,000","2,933,000,000","3,539,000,000","4,518,000,000","4,875,000,000","7,026,000,000","11,110,000,000","12,553,000,000","13,771,000,000","7,481,000,000","7,869,000,000","7,252,000,000","4,680,000,000","4,418,000,000","4,343,000,000","3,805,000,000",,,,,,,,,,,,,,,,
			FeesandCommissionIncome,"3,202,000,000","3,359,000,000","3,218,000,000","3,338,000,000","3,340,000,000","3,742,000,000","4,414,000,000","5,460,000,000","5,709,000,000","7,026,000,000","11,110,000,000","12,553,000,000","13,771,000,000","7,481,000,000","7,869,000,000","7,252,000,000","4,680,000,000","4,418,000,000","4,343,000,000","3,805,000,000",,,,,,,,,,,,,,,,
			FeesandCommissionExpense,"779,000,000","848,000,000","861,000,000","883,000,000","805,000,000","809,000,000","875,000,000","942,000,000","834,000,000",,,,,"2,193,000,000","1,922,000,000","1,841,000,000","1,926,000,000",,,,,,,,,,,,,,,,,,,
		DividendIncome,,,,,,,"30,000,000","87,000,000","59,000,000",,,,,,,,,,,,,,,,,,,,,,,,,,,
IncomefromAssociatesandOtherParticipatingInterests,,"-14,000,000","83,000,000","104,000,000",,"140,000,000","126,000,000","320,000,000","29,000,000",,,,,"0","0","0","0",,,,,,,,,,,,,,,,,,,
SpecialIncomeCharges,"2,238,000,000","2,238,000,000","-59,000,000","284,000,000","-285,000,000","-1,606,000,000","-174,000,000","-1,016,000,000","459,000,000","-8,841,000,000","-9,266,000,000","-15,313,000,000","-40,653,000,000","-2,128,000,000","-1,878,000,000","-1,707,000,000","-83,000,000","33,000,000","59,000,000","-7,000,000","-527,000,000","103,000,000","76,000,000","79,000,000","101,000,000","14,000,000","35,000,000","-41,000,000","-38,300,000",,,,,,,
	RestructuringAndMergernAcquisition,,,,,,,,,,,,,"307,000,000","108,000,000","134,000,000","458,000,000","520,000,000",,,,"401,000,000",,,,"21,000,000",,,,,,,,,,,
	ImpairmentOfCapitalAssets,"44,000,000","44,000,000","37,000,000",,,,,,,"8,709,000,000","9,256,000,000","14,950,000,000","8,072,000,000","2,128,000,000","1,878,000,000","1,707,000,000",,,,,"583,000,000","14,000,000","14,000,000","2,000,000","1,000,000","2,000,000","5,000,000","12,000,000",,,,,,,,
	WriteOff,,,,,"159,000,000","1,332,000,000",,,,"91,000,000","10,000,000","363,000,000","32,581,000,000",,,,"83,000,000","33,000,000","59,000,000","7,000,000",,,,,,,,,,,,,,,,
	OtherSpecialCharges,,"-2,282,000,000","22,000,000","-313,000,000","126,000,000","274,000,000","-349,000,000","-387,000,000","-583,000,000","41,000,000",,,,,"-125,000,000",,,"763,000,000",,,"-457,000,000","-117,000,000","-90,000,000","-81,000,000","-123,000,000","-16,000,000","-40,000,000","29,000,000","38,300,000",,,,,,,
OtherNonOperatingIncomeExpenses,,,,,,,,,,"41,000,000",,,,,,,,,,,,,,,,,,,,,,,,,,
PretaxIncome,"3,738,000,000","4,232,000,000","3,359,000,000","2,239,000,000","-4,082,000,000","-2,703,000,000","2,643,000,000","-8,243,000,000","-5,165,000,000","-766,000,000","-399,000,000","-2,595,000,000","-40,667,000,000","9,900,000,000","9,186,000,000","7,936,000,000","6,917,000,000","6,159,000,000","4,763,000,000","4,275,000,000","3,373,000,000","1,211,000,000","1,001,000,000","760,000,000","695,000,000","602,000,000","532,000,000","258,000,000","12,600,000","57,700,000","262,200,000","228,200,000","309,200,000","197,200,000","184,500,000","166,300,000"
TaxProvision,"404,000,000","432,000,000","1,275,000,000","824,000,000","1,166,000,000","23,000,000","1,909,000,000","382,000,000","469,000,000","1,250,000,000","634,000,000","-371,000,000","-2,323,000,000","2,052,000,000","2,689,000,000","2,378,000,000","2,155,000,000","1,910,000,000","1,556,000,000","1,537,000,000","1,157,000,000","361,000,000","286,000,000","219,000,000","191,000,000","202,000,000","146,000,000","80,000,000","-14,000,000",,,,,,,
NetIncomeCommonStockholders,"2,714,000,000","3,133,000,000","1,622,000,000","752,000,000","-6,955,000,000","-1,979,000,000","-3,470,000,000","-9,106,000,000","-5,911,000,000","-1,997,000,000","-1,249,000,000","-3,607,000,000","-24,137,000,000","7,303,000,000","6,011,000,000","5,283,000,000","4,256,000,000","2,315,000,000","1,971,000,000","1,868,000,000","2,169,000,000","856,000,000","695,000,000","510,000,000","496,000,000","398,000,000","383,000,000","176,000,000","25,300,000","57,700,000","262,200,000","228,200,000",,,,
	NetIncome,"3,125,000,000","3,539,000,000","2,092,000,000","1,380,000,000","-5,258,000,000","-1,594,000,000","-2,771,000,000","-8,597,000,000","-5,683,000,000","-1,997,000,000","-1,125,000,000","-2,672,000,000","-24,137,000,000","7,303,000,000","6,202,000,000","5,392,000,000","4,512,000,000","4,039,000,000","3,074,000,000","0","2,169,000,000","856,000,000","695,000,000","510,000,000","496,000,000","398,000,000","383,000,000","176,000,000","25,300,000","57,700,000","262,200,000","228,200,000",,,,
		NetIncomeIncludingNoncontrollingInterests,"3,334,000,000","3,800,000,000","2,084,000,000","1,415,000,000","-5,248,000,000","-1,185,000,000","-2,711,000,000","-8,477,000,000","-5,806,000,000","-1,969,000,000","-1,666,000,000","-2,323,000,000","-34,373,000,000","7,712,000,000","6,497,000,000","5,558,000,000","4,762,000,000","4,249,000,000","3,207,000,000","2,648,000,000","2,216,000,000","850,000,000","715,000,000","541,000,000","504,000,000","400,000,000","386,000,000","178,000,000","26,600,000","57,700,000","262,200,000","228,200,000",,,,
			NetIncomeContinuousOperations,"3,334,000,000","3,800,000,000","2,084,000,000","1,415,000,000","-5,248,000,000","-2,726,000,000","734,000,000","-8,625,000,000","-5,634,000,000","-2,016,000,000","-1,033,000,000","-2,224,000,000","-38,344,000,000","7,848,000,000","6,497,000,000","5,558,000,000","4,762,000,000","4,249,000,000","3,207,000,000","2,648,000,000","2,216,000,000","850,000,000","715,000,000","541,000,000","504,000,000","400,000,000","386,000,000","178,000,000","26,600,000","57,700,000","262,200,000","228,200,000",,,,
			NetIncomeDiscontinuousOperations,,,,"0","0","1,541,000,000","-3,445,000,000","148,000,000","-172,000,000","47,000,000","-633,000,000","-99,000,000","3,971,000,000","-136,000,000",,,,,,,,,,,,,,,,,,,,,,
		MinorityInterests,"-209,000,000","-261,000,000","8,000,000","-35,000,000","-10,000,000","-409,000,000","-60,000,000","-120,000,000","123,000,000","-28,000,000","665,000,000","-349,000,000","10,832,000,000","-163,000,000","-104,000,000","-57,000,000","-250,000,000","-210,000,000","-133,000,000","-90,000,000","-47,000,000","6,000,000","-20,000,000","-31,000,000","-8,000,000","-2,000,000","-3,000,000","-2,000,000","-1,300,000",,,,,,,
	PreferredStockDividends,"37,000,000","39,000,000","182,000,000","234,000,000","260,000,000","297,000,000","330,000,000","349,000,000","273,000,000",,"105,000,000","878,000,000","596,000,000","246,000,000","191,000,000","109,000,000","256,000,000","1,724,000,000","1,103,000,000","780,000,000",,,,,,,,,,,,,,,,
DilutedNIAvailtoComStockholders,"2,714,000,000","3,133,000,000","1,622,000,000","752,000,000","-6,955,000,000","-1,979,000,000","-3,470,000,000","-9,106,000,000","-5,911,000,000","-1,997,000,000","-1,249,000,000","-3,607,000,000","-24,137,000,000","7,303,000,000","6,011,000,000","5,283,000,000","4,256,000,000","2,315,000,000","1,971,000,000","1,868,000,000","2,169,000,000","856,000,000","695,000,000","510,000,000","496,000,000","398,000,000","383,000,000","176,000,000","25,300,000","57,700,000","262,200,000","228,200,000",,,,
BasicEPS,,"0.52","0.27","0.126","-1.19","-0.344","-0.612","-1.606","-1.086","-0.698","-0.1","-1.28","-12.2","10.986","3.714","9.693","9.007","4.4","3.914","3.868","5.15","5.024","4.2","3.17","3.09","2.512","2.369","0.904","0.04","0.601","1.207","1.139","0",,,
DilutedEPS,,"0.518","0.268","0.126","-1.19","-0.344","-0.612","-1.606","-1.086","-0.698","-0.1","-1.28","-12.2","10.883","3.685","9.63","8.921","4.366","3.857","3.794","5.087","4.955","4.143","3.17","3.09","2.512","2.369","0.904","0.04","0.601","1.207","1.139","0",,,
BasicAverageShares,,"6,033,500,000","6,004,500,000","5,933,500,000","5,844,537,815","5,758,000,000","5,678,000,000","5,598,000,000","5,501,000,000","2,860,950,000","5,362,250,000","2,644,550,000","1,971,393,443","664,847,196","556,612,192","556,262,672","539,136,142","512,223,026","503,485,000","482,688,501","358,783,306","154,453,330","151,552,306","144,107,508","141,975,430","140,297,729","139,598,687","137,309,324","135,596,672","133,237,405","131,647,084","131,979,129","329,947,824",,,
DilutedAverageShares,,"6,051,000,000","6,030,500,000","5,968,000,000","5,844,537,815","5,758,000,000","5,723,500,000","5,598,000,000","5,501,000,000","2,860,950,000","5,362,250,000","2,666,450,000","1,971,393,443","676,381,388","566,748,302","566,748,302","551,893,659","512,223,026","510,999,702","492,300,328","363,327,080","156,620,360","153,754,288","144,107,508","141,975,430","140,297,729","139,598,687","137,309,324","135,596,672","133,237,405","131,647,084","131,979,129","329,947,824",,,
RentExpenseSupplemental,,,,,"1,388,000,000","1,827,000,000",,,,,,,,"1,703,000,000","1,787,000,000","1,645,000,000",,,"255,000,000",,,,,,,,,,,,,,,,,
NetIncomeFromContinuingAndDiscontinuedOperation,"3,125,000,000","3,539,000,000","2,092,000,000","1,380,000,000","-5,258,000,000","-1,594,000,000","-2,771,000,000","-8,597,000,000","-5,683,000,000","-1,997,000,000","-1,125,000,000","-2,672,000,000","-24,137,000,000","7,303,000,000","6,202,000,000","5,392,000,000","4,512,000,000","4,039,000,000","3,074,000,000","0","2,169,000,000","856,000,000","695,000,000","510,000,000","496,000,000","398,000,000","383,000,000","176,000,000","25,300,000","57,700,000","262,200,000","228,200,000",,,,
NormalizedIncome,"1,128,881,219.904","1,529,276,000","2,165,604,941.947","1,229,518,088.432","-4,871,000,000","-518,200,000","1,330,980,000","-6,559,680,000","-5,735,840,000","4,482,060,000","6,179,520,000","10,550,742,581.888","10,222,799,714.756","9,125,923,636.364","7,530,256,694.971","6,587,502,268.145","4,569,141,246.205","4,016,233,804.189","3,034,274,406.886","4,483,274.854","2,515,229,469.315","783,704,376.548","640,714,285.714","453,764,473.684","422,756,834.532","388,697,674.419","357,605,263.158","204,286,821.705","48,280,000","57,700,000","262,200,000","228,200,000",,,,
ReconciledDepreciation,"1,125,000,000","1,489,000,000","718,000,000","808,000,000","778,000,000","1,180,000,000","1,109,000,000","1,410,000,000","1,854,000,000","1,875,000,000","2,220,000,000","2,809,000,000","3,154,000,000","1,970,000,000","1,678,000,000","1,825,000,000","2,022,000,000","1,682,000,000","1,626,000,000","1,532,000,000","1,327,000,000","279,000,000","243,000,000","107,000,000","95,000,000","85,000,000","68,000,000","58,000,000","52,100,000","45,500,000","53,200,000",,,,,
NetIncomeFromContinuingOperationNetMinorityInterest,"3,125,000,000","3,539,000,000","2,092,000,000","1,380,000,000","-5,258,000,000","-3,135,000,000","674,000,000","-8,745,000,000","-5,511,000,000","-2,044,000,000","-492,000,000","-2,573,000,000","-28,108,000,000","7,439,000,000","6,202,000,000","5,392,000,000","4,512,000,000","4,039,000,000","3,074,000,000","0","2,169,000,000","856,000,000","695,000,000","510,000,000","496,000,000","398,000,000","383,000,000","176,000,000","25,300,000","57,700,000","262,200,000","228,200,000",,,,
TotalUnusualItemsExcludingGoodwill,"2,238,000,000","2,238,000,000","-59,000,000","284,000,000","-285,000,000","-1,606,000,000","-174,000,000","-1,016,000,000","459,000,000","-8,819,000,000","-9,266,000,000","-15,313,000,000","-40,653,000,000","-2,128,000,000","-1,878,000,000","-1,707,000,000","-83,000,000","33,000,000","59,000,000","-7,000,000","-527,000,000","103,000,000","76,000,000","79,000,000","101,000,000","14,000,000","35,000,000","-41,000,000","-38,300,000",,,,,,,
TotalUnusualItems,"2,238,000,000","2,238,000,000","-59,000,000","284,000,000","-285,000,000","-1,606,000,000","-174,000,000","-1,016,000,000","459,000,000","-8,819,000,000","-9,266,000,000","-15,313,000,000","-40,653,000,000","-2,128,000,000","-1,878,000,000","-1,707,000,000","-83,000,000","33,000,000","59,000,000","-7,000,000","-527,000,000","103,000,000","76,000,000","79,000,000","101,000,000","14,000,000","35,000,000","-41,000,000","-38,300,000",,,,,,,
TaxRateForCalcs,"0.108","0.102","0.38","0.368","0.2","0.2","0.23","0.23","0.24","0.26","0.28","0.143","0.057","0.207","0.293","0.3","0.312","0.31","0.327","0.36","0.343","0.298","0.286","0.288","0.275","0.336","0.274","0.31","0.4","0.4","0.4","0.4",,,,
TaxEffectOfUnusualItems,"241,881,219.904","228,276,000","-22,395,058.053","104,518,088.432","-57,000,000","-321,200,000","-40,020,000","-233,680,000","110,160,000","-2,292,940,000","-2,594,480,000","-2,189,257,418.112","-2,322,200,285.244","-441,076,363.636","-549,743,305.029","-511,497,731.855","-25,858,753.795","10,233,804.189","19,274,406.886","-2,516,725.146","-180,770,530.685","30,704,376.548","21,714,285.714","22,764,473.684","27,756,834.532","4,697,674.419","9,605,263.158","-12,713,178.295","-15,320,000","0","0","0",,,,