name,ttm,03/31/2020,12/31/2019,09/30/2019,06/30/2019,03/31/2019,12/31/2018,09/30/2018,06/30/2018,03/31/2018,12/31/2017,09/30/2017,06/30/2017,03/31/2017,12/31/2016,09/30/2016,06/30/2016,03/31/2016,12/31/2015,09/30/2015,06/30/2015,03/31/2015,12/31/2014,09/30/2014,06/30/2014,03/31/2014,12/31/2013,09/30/2013,06/30/2013,03/31/2013,12/31/2012,09/30/2012,06/30/2012,03/31/2012,12/31/2011,09/30/2011,06/30/2011,03/31/2011,12/31/2010,09/30/2010,06/30/2010,03/31/2010,12/31/2009,09/30/2009,06/30/2009,03/31/2009,12/31/2008,09/30/2008,06/30/2008,03/31/2008,12/31/2007,09/30/2007,06/30/2007,03/31/2007,12/31/2006,09/30/2006,06/30/2006,03/31/2006,12/31/2005,09/30/2005,06/30/2005,03/31/2005,12/31/2004,09/30/2004,06/30/2004,03/31/2004,12/31/2003,09/30/2003,06/30/2003,03/31/2003,12/31/2002,09/30/2002,06/30/2002,03/31/2002,12/31/2001,09/30/2001,06/30/2001,03/31/2001,12/31/2000,09/30/2000,06/30/2000,03/31/2000,12/31/1999,09/30/1999,06/30/1999,03/31/1999,12/31/1998,09/30/1998,06/30/1998,03/31/1998,12/31/1997,09/30/1997,06/30/1997,03/31/1997,09/30/1996,06/30/1996,03/31/1996,12/31/1995,09/30/1995,06/30/1995
TotalRevenue,"4,267,970,000","891,700,000","1,099,431,000","1,045,271,000","1,231,568,000","802,460,000","543,854,000","622,106,000","473,378,000","417,129,000","489,093,000","632,941,000","500,042,000","473,573,000","349,007,000","454,096,000","477,262,000","446,509,000","374,079,000","352,510,000","391,407,000","376,625,000","313,960,000","256,690,000","323,942,000","339,410,000","398,935,000","384,259,000","249,215,000","337,480,000","325,192,000","390,475,000","310,498,000","356,531,000","208,507,000","217,947,000","280,922,000","387,660,000","-66,500,000","488,320,000","423,896,000","378,955,000","396,721,000","438,587,000","508,780,000","323,764,000","149,999,000","315,538,000","395,714,000","369,945,000","283,514,000","424,825,000","468,832,000","488,383,000","468,559,000","461,631,000","487,301,000","423,246,000","481,594,000","422,778,000","404,242,000","347,293,000","431,498,000","397,721,000","351,917,000","386,856,000","351,785,000","315,047,000","374,182,000","325,476,000","270,518,000","234,105,000","225,871,000","179,956,000","123,437,000","103,668,000","100,816,000","112,972,000","104,910,000","99,409,000","79,705,000","65,710,000","68,235,000","64,800,000","67,500,000","69,700,000","75,727,000","66,800,000","57,000,000","60,900,000","57,926,000","66,300,000","63,900,000","66,500,000","75,600,000","70,200,000","17,600,000","17,800,000","17,800,000","17,800,000"
	OperatingRevenue,"4,267,970,000","891,700,000","1,099,431,000","1,045,271,000","1,231,568,000","802,460,000","543,854,000","622,106,000","473,378,000","417,129,000","489,093,000","632,941,000","500,042,000","473,573,000","349,007,000","454,096,000","477,262,000","446,509,000","374,079,000","352,510,000","391,407,000","376,625,000","313,960,000","256,690,000","323,942,000","339,410,000","398,935,000","384,259,000","249,215,000","337,480,000","325,192,000","390,475,000","310,498,000","356,531,000","208,507,000","217,947,000","280,922,000","387,660,000","-66,500,000","488,320,000","423,896,000","378,955,000","396,721,000","438,587,000","508,780,000","323,764,000","149,999,000","315,538,000","395,714,000","369,945,000","283,514,000","424,825,000","468,832,000","488,383,000","468,559,000","461,631,000","487,301,000","423,246,000","481,594,000","422,778,000","404,242,000","347,293,000","431,498,000","397,721,000","351,917,000","386,856,000","351,785,000","315,047,000","374,182,000","325,476,000","270,518,000","234,105,000","225,871,000","179,956,000","123,437,000","103,668,000","100,816,000","112,972,000","104,910,000","99,409,000","79,705,000","65,710,000","68,235,000","64,800,000","67,500,000","69,700,000","75,727,000","66,800,000","57,000,000","60,900,000","57,926,000","66,300,000","63,900,000","66,500,000","75,600,000","70,200,000","17,600,000","17,800,000","17,800,000","17,800,000"
NetNonOperatingInterestIncomeExpense,"-61,537,000","-14,927,000","-15,496,000","-15,580,000","-15,534,000","-11,754,000","-11,765,000","-11,769,000","-11,768,000","-11,767,000","-11,777,000","-11,799,000","-10,091,000","-10,526,000","-10,534,000","-10,536,000","-10,536,000","-10,538,000","-10,359,000","-10,362,000","-9,698,000","-5,251,000","-4,289,000","-4,290,000","-4,292,000","-4,293,000","-4,297,000","-4,298,000","-4,300,000","-5,034,000","-5,772,000","-5,891,000","-5,716,000","-5,718,000","-5,721,000","-5,722,000","-5,730,000","-6,195,000","-6,303,000","-6,164,000","-6,206,000","-3,156,000","-3,027,000","-3,748,000","-4,200,000","-4,136,000","-6,513,000","-5,379,000","-5,937,000","-6,804,000","-7,226,000","-7,226,000","-7,195,000","-11,979,000","-8,439,000","-9,492,000","-10,370,000","-9,301,000","-7,710,000","-6,936,000","-6,967,000","-6,605,000","-6,680,000","-6,683,000","-6,334,000","-6,271,000","-2,273,000","-4,318,000","-5,335,000","-4,499,000","-3,423,000","-3,499,000","-3,433,000","-2,714,000","-3,003,000","-2,699,000","-683,000","-864,000","-3,918,000","-4,639,000","-4,358,000","-4,252,000","-4,134,000","-2,700,000","-1,700,000","-1,400,000","-1,473,000","-1,400,000","-800,000","-800,000","-771,000","-800,000","-800,000","-1,900,000","-1,500,000",,,,,
	InterestExpenseNonOperating,"61,537,000","14,927,000","15,496,000","15,580,000","15,534,000","11,754,000","11,765,000","11,769,000","11,768,000","11,767,000","11,777,000","11,799,000","10,091,000","10,526,000","10,534,000","10,536,000","10,536,000","10,538,000","10,359,000","10,362,000","9,698,000","5,251,000","4,289,000","4,290,000","4,292,000","4,293,000","4,297,000","4,298,000","4,300,000","5,034,000","5,772,000","5,891,000","5,716,000","5,718,000","5,721,000","5,722,000","5,730,000","6,195,000","6,303,000","6,164,000","6,206,000","3,156,000","3,027,000","3,748,000","4,200,000","4,136,000","6,513,000","5,379,000","5,937,000","6,804,000","7,226,000","7,226,000","7,195,000","11,979,000","8,439,000","9,492,000","10,370,000","9,301,000","7,710,000","6,936,000","6,967,000","6,605,000","6,680,000","6,683,000","6,334,000","6,271,000","2,273,000","4,318,000","5,335,000","4,499,000","3,423,000","3,499,000","3,433,000","2,714,000","3,003,000","2,699,000","683,000","864,000","3,918,000","4,639,000","4,358,000","4,252,000","4,134,000","2,700,000","1,700,000","1,400,000","1,473,000","1,400,000","800,000","800,000","771,000","800,000","800,000","1,900,000","1,500,000",,,,,
OtherIncomeExpense,"-4,025,000","-4,436,000","-1,086,000","1,334,000","163,000","65,000","489,000","-46,000","438,000","281,000","1,132,000","203,000","-742,000","167,000","457,000","73,000","-838,000","240,000","-106,000","557,000","265,000","222,000","175,000","-1,408,000","-552,000","41,000","-199,000","621,000","1,273,000","8,935,000","10,429,000","-881,000","11,289,000","-39,094,000","-43,648,000","-2,015,000","-5,167,000","50,145,000","22,690,000","27,255,000","-3,094,000","-5,731,000","16,750,000","17,409,000","-3,656,000","-14,795,000","6,000","2,258,000","4,848,000","19,198,000","-144,590,000","-39,418,000","3,804,000","13,665,000","2,749,000","9,977,000","6,696,000","7,896,000","16,303,000","6,367,000","18,137,000","4,766,000","32,884,000","2,364,000","5,020,000","9,716,000","-5,495,000","8,231,000","14,878,000","5,505,000","8,594,000","7,951,000","8,147,000","6,179,000","5,737,000","1,070,000","4,134,000","3,572,000","4,985,000","2,960,000","1,540,000","1,265,000","-27,696,000","10,700,000","9,800,000","11,700,000","-23,364,000","8,100,000","10,000,000","14,800,000","-39,842,000","13,300,000","12,400,000","10,600,000","12,100,000",,,,,
PretaxIncome,"623,150,000","16,327,000","36,885,000","111,608,000","458,330,000","360,659,000","-132,838,000","50,280,000","256,373,000","88,800,000","43,425,000","-722,471,000","218,254,000","132,608,000","83,550,000","186,745,000","179,168,000","180,925,000","134,322,000","107,704,000","89,154,000","165,196,000","220,978,000","104,132,000","162,222,000","199,532,000","329,778,000","239,668,000","48,551,000","235,478,000","59,295,000","240,691,000","184,149,000","263,956,000","122,159,000","62,587,000","63,738,000","-323,301,000","83,821,000","251,701,000","274,879,000","181,957,000","276,323,000","310,890,000","332,058,000","142,482,000","-44,985,000","-220,854,000","140,001,000","155,426,000","53,459,000","144,076,000","194,421,000","202,048,000","-338,050,000","573,610,000","160,371,000","219,283,000","-313,877,000","-357,516,000","210,831,000","57,350,000","171,194,000","-344,646,000","124,819,000","175,458,000","244,304,000","118,180,000","185,081,000","155,349,000","104,845,000","91,343,000","98,970,000","90,912,000","63,698,000","29,925,000","40,641,000","45,781,000","37,417,000","40,631,000","29,332,000","24,495,000","102,716,000","0","0","0","54,102,000","0","0","0",,,,,,,,,,
TaxProvision,"838,000","-8,846,000","-3,455,000","3,664,000","9,475,000","7,531,000","-8,852,000","1,451,000","4,506,000","-3,407,000","41,226,000","-18,977,000","3,904,000","334,000","-7,700,000","-1,316,000","6,612,000","2,744,000","8,453,000","-4,573,000","-1,842,000","-47,904,000","401,000","245,000","-204,000","166,000","1,336,000","223,000","247,000","122,000","424,000","144,000","898,000","-37,000","2,945,000","-1,435,000","-1,773,000","-52,000","-2,909,000","-1,148,000","2,148,000","-4,215,000","5,301,000","3,993,000","652,000","-852,000","-368,000","-455,000","-6,295,000","7,686,000","-19,320,000","101,000","680,000","107,000","935,000","616,000","94,000","183,000","0","0","0","0","-8,006,000","4,003,000","0","0","36,000","37,000","0","-55,000","267,000","-59,000","-273,000","596,000","13,087,000","-3,000","302,000","876,000","-370,000","4,986,000","-388,000","420,000","-1,125,000","-100,000","-400,000","200,000","-19,775,000","-2,100,000","900,000","500,000",,,,,,,,,,
EarningsFromEquityInterestNetOfTax,,,,,,,,,,,,,,,,,,,,,,,,,,,,,,,,,,,,,,,,,,,,,,,,,,"-10,575,000","-10,575,000","-10,575,000","-10,575,000","-11,136,000","540,120,000","-321,882,000","-29,869,000","-40,120,000","103,475,000","70,220,000","-38,849,000","-13,047,000","24,751,000","-8,758,000","-8,609,000","-5,104,000","-157,759,000","17,075,000","21,977,000","22,285,000","16,864,000","19,389,000","15,028,000","-3,038,000",,,,,,,,,,"23,900,000","23,600,000","30,200,000",,"18,300,000","29,400,000","36,200,000",,,,,,,,,,
NetIncomeCommonStockholders,"350,927,000","-81,974,000","33,302,000","36,252,000","363,461,000","270,596,000","-83,050,000","32,387,000","189,614,000","56,167,000","-3,909,000","-504,812,000","169,557,000","91,445,000","68,709,000","145,055,000","134,764,000","126,394,000","91,127,000","74,662,000","72,414,000","165,818,000","168,473,000","66,911,000","119,195,000","148,972,000","264,876,000","177,201,000","26,430,000","187,556,000","32,682,000","180,660,000","142,270,000","201,429,000","81,771,000","49,263,000","24,764,000","-248,033,000","122,575,000","204,750,000","210,241,000","165,047,000","211,767,000","258,628,000","271,179,000","97,284,000","-55,192,000","-230,974,000","135,721,000","137,165,000","62,204,000","133,400,000","183,166,000","190,805,000","201,135,000","251,112,000","130,408,000","178,980,000","-210,402,000","-287,296,000","171,982,000","44,303,000","203,951,000","-357,407,000","116,210,000","170,354,000","159,958,000","113,240,000","180,164,000","151,285,000","102,237,000","88,246,000","96,240,000","87,278,000","49,193,000","29,928,000","40,339,000","44,905,000","37,787,000","35,645,000","29,720,000","24,075,000","26,241,000","24,000,000","24,000,000","30,000,000","-10,023,000","20,400,000","28,500,000","35,700,000","31,349,000","35,400,000","37,000,000","35,400,000","36,500,000","39,300,000","9,800,000","9,800,000","9,800,000","9,800,000"
	NetIncome,"392,974,000","-72,918,000","42,962,000","45,887,000","377,043,000","282,906,000","-74,717,000","42,389,000","197,384,000","62,308,000","2,143,000","-499,217,000","176,738,000","97,947,000","75,031,000","152,420,000","141,921,000","133,590,000","97,801,000","81,124,000","78,829,000","173,438,000","176,362,000","73,410,000","126,348,000","156,598,000","274,251,000","185,335,000","34,289,000","196,749,000","50,300,000","189,410,000","151,020,000","210,179,000","90,521,000","58,013,000","33,514,000","-239,283,000","132,968,000","215,325,000","220,816,000","175,622,000","222,342,000","269,203,000","281,754,000","107,859,000","-44,617,000","-220,399,000","146,296,000","147,740,000","72,779,000","143,975,000","193,741,000","201,941,000","210,623,000","259,774,000","139,070,000","187,643,000","-201,739,000","-278,538,000","180,548,000","52,966,000","212,614,000","-348,649,000","124,819,000","175,458,000","164,820,000","118,143,000","185,081,000","155,404,000","105,342,000","91,284,000","99,243,000","90,316,000","50,611,000","29,928,000","40,339,000","44,905,000","37,787,000","35,645,000","29,720,000","24,075,000","26,241,000","24,000,000","24,000,000","30,000,000","-10,023,000","20,400,000","28,500,000","35,700,000","31,349,000","35,400,000","37,000,000","35,400,000","36,500,000","39,300,000","9,800,000","9,800,000","9,800,000","9,800,000"
		NetIncomeIncludingNoncontrollingInterests,"622,312,000","25,173,000","40,340,000","107,944,000","448,855,000","353,128,000","-123,986,000","48,829,000","251,867,000","92,207,000","2,199,000","-703,494,000","214,350,000","132,274,000","91,250,000","188,061,000","172,556,000","178,181,000","125,869,000","112,277,000","90,996,000","213,100,000","220,577,000","103,887,000","162,426,000","199,366,000","328,442,000","229,666,000","48,304,000","235,356,000","59,992,000","240,493,000","184,644,000","263,820,000","115,909,000","63,057,000","55,417,000","-324,775,000","149,400,000","252,849,000","272,731,000","186,172,000","271,022,000","306,897,000","331,406,000","143,334,000","-35,232,000","-312,831,000","187,637,000","188,055,000","126,849,000","187,795,000","231,140,000","231,048,000","460,276,000","206,944,000","160,277,000","219,100,000","-313,877,000","-357,516,000","210,831,000","57,350,000","121,258,000","-258,761,000","110,327,000","157,468,000","303,832,000","101,105,000","163,104,000","133,064,000","214,057,000","71,836,000","83,942,000","79,006,000","64,411,000","28,105,000","38,444,000","46,752,000","51,032,000","33,779,000","27,782,000","25,934,000","40,629,000","22,100,000","21,900,000","27,900,000","6,322,000","18,300,000","26,100,000","33,200,000","44,364,000","33,000,000","34,700,000","34,700,000","36,500,000","39,300,000","9,800,000","9,800,000","9,800,000","9,800,000"
			NetIncomeContinuousOperations,"622,312,000","25,173,000","40,340,000","107,944,000","448,855,000","353,128,000","-123,986,000","48,829,000","251,867,000","92,207,000","2,199,000","-703,494,000","214,350,000","132,274,000","91,250,000","188,061,000","172,556,000","178,181,000","125,869,000","112,277,000","90,996,000","213,100,000","220,577,000","103,887,000","162,426,000","199,366,000","328,442,000","239,445,000","48,304,000","235,356,000","58,871,000","240,547,000","183,251,000","263,993,000","119,214,000","64,022,000","65,511,000","-323,249,000","86,730,000","252,849,000","272,731,000","186,172,000","271,022,000","306,897,000","331,406,000","143,334,000","-35,232,000","-312,831,000","187,637,000","137,165,000","62,204,000","133,400,000","183,166,000","190,805,000","201,135,000","251,112,000","130,408,000","178,980,000","-210,402,000","-287,296,000","171,982,000","44,303,000","203,951,000","-357,407,000","116,210,000","170,354,000","86,509,000","135,218,000","207,058,000","177,689,000","121,442,000","110,791,000","114,271,000","87,278,000","49,193,000","29,928,000","40,339,000","44,905,000","37,787,000","35,645,000","29,720,000","24,075,000","26,241,000","24,000,000","24,000,000","30,000,000","-10,023,000","20,400,000","28,500,000","35,700,000","31,349,000","35,400,000","37,000,000","35,400,000","36,500,000","39,300,000","9,800,000","9,800,000","9,800,000","9,800,000"
			NetIncomeDiscontinuousOperations,,,,,,,,,,,,,,,,,,,,,,,"0","0","0","0","0","-9,779,000","0","0","1,121,000","-54,000","1,393,000","-173,000","-3,305,000","-965,000","-10,094,000","-1,526,000",,,,,,,,,,,,,,,,,,,,,,,,,,,,,,,,,,,,,,,,,,,,,,,,,,,,,,,,,,,,,,
			NetIncomeExtraordinary,,,,,,,,,,,,,,,,,,,,,,,,,,,,,,,,,,,,,,,,,,,,,,,,,,,,,,,,,,,,,,,,,,,,"0","0","0","0","0","0",,,,,,,,,,,,,,,,,,,,,,,,,,,
		MinorityInterests,"-229,338,000","-98,091,000","2,622,000","-62,057,000","-71,812,000","-70,222,000","49,269,000","-6,440,000","-54,483,000","-29,899,000","-56,000","204,277,000","-37,612,000","-34,327,000","-16,219,000","-35,641,000","-30,635,000","-44,591,000","-28,068,000","-31,153,000","-12,167,000","-39,662,000","-44,215,000","-30,477,000","-36,078,000","-42,768,000","-54,191,000","-44,331,000","-14,015,000","-38,607,000","-9,692,000","-51,083,000","-33,624,000","-53,641,000","-25,388,000","-5,044,000","-21,903,000","85,492,000","-16,432,000","-37,524,000","-51,915,000","-10,550,000","-48,680,000","-37,694,000","-49,652,000","-35,475,000","-65,454,000","91,977,000","-41,341,000","-40,315,000","-54,070,000","-43,820,000","-37,399,000","-29,107,000","-249,653,000","52,830,000","-21,207,000","-31,457,000","112,138,000","78,978,000","-30,283,000","-4,384,000","91,356,000","-89,888,000","14,492,000","17,990,000","-139,012,000","17,038,000","21,977,000","22,340,000","-108,715,000","19,448,000","15,301,000","11,310,000","-13,800,000","1,823,000","1,895,000","-1,847,000","-13,245,000","1,866,000","1,938,000","-1,859,000","-14,388,000","1,900,000","2,100,000","2,100,000","-16,345,000","2,100,000","2,400,000","2,500,000","-13,015,000","2,400,000","2,300,000","700,000",,,,,,
	PreferredStockDividends,"36,623,000","9,056,000","9,189,000","9,189,000","9,189,000","9,189,000","9,189,000","9,708,000","5,596,000","5,595,000","5,595,000","5,595,000","5,596,000","5,595,000","5,595,000","5,595,000","5,596,000","5,595,000","5,595,000","5,595,000","5,596,000","5,595,000","5,595,000","5,595,000","5,596,000","5,595,000","5,595,000","5,595,000","7,483,000","6,275,000","8,645,000","8,750,000","8,750,000","8,750,000","8,750,000","8,750,000","8,750,000","8,750,000","10,393,000","10,575,000","10,575,000","10,575,000","10,575,000","10,575,000","10,575,000","10,575,000","10,575,000","10,575,000",,"10,575,000","10,575,000","10,575,000","10,575,000","11,136,000","9,488,000","8,662,000","8,662,000","8,663,000","8,663,000","8,758,000","8,566,000","8,663,000","8,663,000","8,758,000","8,609,000","5,104,000","4,862,000","4,903,000","4,917,000","4,119,000","3,105,000","3,038,000","3,003,000","3,038,000",,,,,,,,,,,,,,,,,,,,,,,,,,
	OtherunderPreferredStockDividend,,,"471,000","446,000","4,393,000","3,121,000","-856,000","294,000","2,174,000","546,000","113,000","116,000","1,585,000","907,000","727,000","1,770,000","1,561,000","1,601,000","1,079,000","867,000","819,000","2,025,000","2,294,000","904,000","1,557,000","2,031,000","3,780,000","2,539,000","376,000","2,918,000",,,,,,,,,,,,,,,,,,,"10,575,000",,,,,,,,,,,,,,,,,,,,,,,,,,,,,,,,,,,,,,,,,,,,,,,,,,,
DilutedNIAvailtoComStockholders,"350,927,000","-81,974,000","33,302,000","36,252,000","363,461,000","270,596,000","-83,050,000","32,387,000","189,614,000","56,167,000","-3,909,000","-504,812,000","169,557,000","91,445,000","68,709,000","145,055,000","134,764,000","126,394,000","91,127,000","74,662,000","72,414,000","165,818,000","168,473,000","66,911,000","119,195,000","148,972,000","264,876,000","177,201,000","26,430,000","187,556,000","32,682,000","180,660,000","142,270,000","201,429,000","81,771,000","49,263,000","24,764,000","-248,033,000","122,575,000","204,750,000","210,241,000","165,047,000","211,767,000","258,628,000","271,179,000","97,284,000","-55,192,000","-230,974,000","135,721,000","137,165,000","62,204,000","133,400,000","183,166,000","190,805,000","201,135,000","251,112,000","130,408,000","178,980,000","-210,402,000","-287,296,000","171,982,000","44,303,000","203,951,000","-357,407,000","116,210,000","170,354,000","159,958,000","113,240,000","180,164,000","151,285,000","102,237,000","88,246,000","96,240,000","87,278,000","49,193,000","29,928,000","40,339,000","44,905,000","37,787,000","35,645,000","29,720,000","24,075,000","26,241,000","24,000,000","24,000,000","30,000,000","-10,023,000","20,400,000","28,500,000","35,700,000","31,349,000","35,400,000","37,000,000","35,400,000","36,500,000","39,300,000","9,800,000","9,800,000","9,800,000","9,800,000"
BasicEPS,,"-1.89","0.77","0.83","8.36","6.43","-2.1","0.82","4.78","1.42","-0.09","-12.75","4.25","2.26","1.7","3.58","3.23","2.97","2.11","1.68","1.6","4.18","4.46","1.72","3","3.61","6.14","4.09","0.61","4.32",,"3.67","2.78","3.93",,"0.96","0.48","-4.69",,"3.73","3.69","2.75",,"4.15","4.35","1.57",,"-3.79","2.16","2.09",,"1.89","2.57","2.68",,"3.53","1.84","2.52",,"-4.07","2.44","0.63",,"-5.1","1.67","2.45",,"1.63","2.62","2.21",,"1.3","1.43","1.307",,"0.513","0.697","0.78",,"0.63","0.527","0.417",,"0.393","0.39","0.473",,"0.31","0.426","0.533",,"0.529","0.543","0.519","0.476","0.513",,"0.127","0.127","0.127"
DilutedEPS,,"-1.89","0.77","0.83","8.35","6.43","-2.1","0.82","4.78","1.42","-0.09","-12.75","4.24","2.25","1.69","3.56","3.22","2.95","2.09","1.66","1.59","4.14","4.42","1.7","2.95","3.56","6.05","4.01","0.6","4.23",,"3.62","2.75","3.88",,"0.95","0.48","-4.69",,"3.7","3.66","2.73",,"4.12","4.32","1.57",,"-3.79","2.13","2.05",,"1.85","2.53","2.63",,"3.48","1.81","2.49",,"-4.07","2.39","0.62",,"-5.1","1.62","2.38",,"1.59","2.54","2.14",,"1.26","1.37","1.25",,"0.493","0.667","0.74",,"0.61","0.517","0.413",,"0.39","0.386","0.47",,"0.303","0.42","0.523",,"0.519","0.529","0.506","0.466","0.503",,"0.127","0.127","0.127"
BasicAverageShares,,"43,441,000","43,467,000","43,462,000","43,483,000","42,065,000","40,111,000","39,624,000","39,641,000","39,552,000","39,478,000","39,591,000","39,937,000","40,408,000","40,474,000","40,513,000","41,693,000","42,577,000","43,131,000","44,564,000","45,303,000","39,631,000","37,752,000","38,975,000","39,736,000","41,238,000","43,160,000","43,330,000","43,372,000","43,461,000",,"48,394,000","50,278,000","50,377,000",,"50,501,000","50,493,000","51,504,000",,"53,467,000","55,538,000","58,407,000",,"60,898,000","60,962,914","60,634,556",,"60,943,000","62,833,796","65,629,187",,"70,582,011","71,270,817","71,195,896",,"71,136,544","70,873,913","71,023,810",,"70,588,698","70,484,426","70,322,222",,"70,079,804","69,586,826","69,532,245",,"69,472,393","68,764,885","68,454,751",,"67,881,538","67,300,699","66,794,388",,"58,131,000","57,837,000","57,681,000",,"56,631,000","56,553,000","57,798,000",,"61,078,027","61,600,062","63,443,725",,"65,872,324","66,863,739","67,004,505",,"66,859,312","69,850,000","69,955,000","78,330,000","76,635,077",,"77,445,867","77,445,867","77,445,867"
DilutedAverageShares,,"43,441,000","43,552,000","43,537,000","43,521,000","42,091,000","40,111,000","39,637,000","39,654,000","39,599,000","39,478,000","39,591,000","40,024,000","40,623,000","40,707,000","40,733,000","41,885,000","42,912,000","43,513,000","44,913,000","45,657,000","40,021,000","38,145,000","39,433,000","40,395,000","41,903,000","43,769,000","44,135,000","44,243,000","44,290,000",,"49,119,000","51,012,000","50,981,000",,"50,973,000","51,050,000","51,504,000",,"53,965,000","56,044,000","58,887,000",,"61,367,000","62,772,917","60,634,556",,"61,694,000","63,718,779","66,909,756",,"72,108,108","72,397,628","72,549,430",,"72,158,621","72,048,619","71,879,518",,"70,588,698","71,958,996","71,456,452",,"70,079,804","71,734,568","71,577,311",,"71,220,126","70,930,709","70,693,925",,"70,036,508","70,248,175","69,822,400",,"60,864,000","60,453,000","60,690,000",,"58,560,000","57,441,000","58,425,000",,"61,600,062","62,131,097","63,893,681",,"67,320,067","67,925,068","68,284,845",,"68,145,068","69,850,000","69,955,000","78,330,000","78,157,628",,"77,445,867","77,445,867","77,445,867"
TotalExpenses,"3,644,820,000","875,373,000","1,062,546,000","933,663,000","773,238,000","441,801,000","676,692,000","571,826,000","217,005,000","328,329,000","445,668,000","1,355,412,000","281,788,000","340,965,000","265,457,000","267,351,000","298,094,000","265,584,000","239,757,000","244,806,000","302,253,000","211,429,000","92,982,000","152,558,000","161,720,000","139,878,000","69,157,000","144,591,000","200,664,000","102,002,000","265,897,000","149,784,000","126,349,000","92,575,000","86,348,000","155,360,000","217,184,000","710,961,000","-150,321,000","236,619,000","149,017,000","196,998,000","120,398,000","127,697,000","176,722,000","181,282,000","194,984,000","536,392,000","255,713,000","214,519,000","230,055,000","280,749,000","274,411,000","286,335,000","806,609,000","-111,979,000","326,930,000","203,963,000","795,471,000","780,294,000","193,411,000","289,943,000","260,304,000","742,367,000","227,098,000","211,398,000","107,481,000","196,867,000","189,101,000","170,127,000","165,673,000","142,762,000","126,901,000","89,044,000","59,739,000","73,743,000","60,175,000","67,191,000","67,493,000","58,778,000","50,373,000","41,215,000","141,419,000","10,200,000","7,700,000","8,200,000","184,025,000","8,900,000","6,200,000","7,200,000","92,977,000","7,500,000","6,700,000","8,300,000","8,200,000",,,,,
NetIncomeFromContinuingAndDiscontinuedOperation,"392,974,000","-72,918,000","42,962,000","45,887,000","377,043,000","282,906,000","-74,717,000","42,389,000","197,384,000","62,308,000","2,143,000","-499,217,000","176,738,000","97,947,000","75,031,000","152,420,000","141,921,000","133,590,000","97,801,000","81,124,000","78,829,000","173,438,000","176,362,000","73,410,000","126,348,000","156,598,000","274,251,000","185,335,000","34,289,000","196,749,000","50,300,000","189,410,000","151,020,000","210,179,000","90,521,000","58,013,000","33,514,000","-239,283,000","132,968,000","215,325,000","220,816,000","175,622,000","222,342,000","269,203,000","281,754,000","107,859,000","-44,617,000","-220,399,000","146,296,000","147,740,000","72,779,000","143,975,000","193,741,000","201,941,000","210,623,000","259,774,000","139,070,000","187,643,000","-201,739,000","-278,538,000","180,548,000","52,966,000","212,614,000","-348,649,000","124,819,000","175,458,000","164,820,000","118,143,000","185,081,000","155,404,000","105,342,000","91,284,000","99,243,000","90,316,000","50,611,000","29,928,000","40,339,000","44,905,000","37,787,000","35,645,000","29,720,000","24,075,000","26,241,000","24,000,000","24,000,000","30,000,000","-10,023,000","20,400,000","28,500,000","35,700,000","31,349,000","35,400,000","37,000,000","35,400,000","36,500,000","39,300,000","9,800,000","9,800,000","9,800,000","9,800,000"
NormalizedIncome,"392,974,000","-72,918,000","42,962,000","45,887,000","377,043,000","282,906,000","-74,717,000","42,389,000","197,384,000","62,308,000","2,143,000","-499,217,000","176,738,000","97,947,000","75,031,000","152,420,000","141,921,000","133,590,000","97,801,000","81,124,000","78,829,000","173,438,000","176,362,000","73,410,000","126,348,000","156,598,000","274,251,000","195,114,000","34,289,000","196,749,000","49,179,000","189,464,000","149,627,000","210,352,000","93,826,000","58,978,000","43,608,000","-237,757,000","70,298,000","215,325,000","220,816,000","175,622,000","222,342,000","269,203,000","281,754,000","107,859,000","-44,617,000","-220,399,000","146,296,000","147,740,000","72,779,000","143,975,000","193,741,000","201,941,000","210,623,000","259,774,000","139,070,000","187,643,000","-201,739,000","-278,538,000","180,548,000","52,966,000","212,614,000","-348,649,000","124,819,000","175,458,000","164,820,000","118,143,000","185,081,000","155,404,000","105,342,000","91,284,000","99,243,000","90,316,000","50,611,000","29,928,000","40,339,000","44,905,000","37,787,000","35,645,000","29,720,000","24,075,000","26,241,000","24,000,000","24,000,000","30,000,000","-10,023,000","20,400,000","28,500,000","35,700,000","31,349,000","35,400,000","37,000,000","35,400,000","36,500,000","39,300,000","9,800,000","9,800,000","9,800,000","9,800,000"
InterestExpense,"61,537,000","14,927,000","15,496,000","15,580,000","15,534,000","11,754,000","11,765,000","11,769,000","11,768,000","11,767,000","11,777,000","11,799,000","10,091,000","10,526,000","10,534,000","10,536,000","10,536,000","10,538,000","10,359,000","10,362,000","9,698,000","5,251,000","4,289,000","4,290,000","4,292,000","4,293,000","4,297,000","4,298,000","4,300,000","5,034,000","5,772,000","5,891,000","5,716,000","5,718,000","5,721,000","5,722,000","5,730,000","6,195,000","6,303,000","6,164,000","6,206,000","3,156,000","3,027,000","3,748,000","4,200,000","4,136,000","6,513,000","5,379,000","5,937,000","6,804,000","7,226,000","7,226,000","7,195,000","11,979,000","8,439,000","9,492,000","10,370,000","9,301,000","7,710,000","6,936,000","6,967,000","6,605,000","6,680,000","6,683,000","6,334,000","6,271,000","2,273,000","4,318,000","5,335,000","4,499,000","3,423,000","3,499,000","3,433,000","2,714,000","3,003,000","2,699,000","683,000","864,000","3,918,000","4,639,000","4,358,000","4,252,000","4,134,000","2,700,000","1,700,000","1,400,000","1,473,000","1,400,000","800,000","800,000","771,000","800,000","800,000","1,900,000","1,500,000",,,,,
NetInterestIncome,"-61,537,000","-14,927,000","-15,496,000","-15,580,000","-15,534,000","-11,754,000","-11,765,000","-11,769,000","-11,768,000","-11,767,000","-11,777,000","-11,799,000","-10,091,000","-10,526,000","-10,534,000","-10,536,000","-10,536,000","-10,538,000","-10,359,000","-10,362,000","-9,698,000","-5,251,000","-4,289,000","-4,290,000","-4,292,000","-4,293,000","-4,297,000","-4,298,000","-4,300,000","-5,034,000","-5,772,000","-5,891,000","-5,716,000","-5,718,000","-5,721,000","-5,722,000","-5,730,000","-6,195,000","-6,303,000","-6,164,000","-6,206,000","-3,156,000","-3,027,000","-3,748,000","-4,200,000","-4,136,000","-6,513,000","-5,379,000","-5,937,000","-6,804,000","-7,226,000","-7,226,000","-7,195,000","-11,979,000","-8,439,000","-9,492,000","-10,370,000","-9,301,000","-7,710,000","-6,936,000","-6,967,000","-6,605,000","-6,680,000","-6,683,000","-6,334,000","-6,271,000","-2,273,000","-4,318,000","-5,335,000","-4,499,000","-3,423,000","-3,499,000","-3,433,000","-2,714,000","-3,003,000","-2,699,000","-683,000","-864,000","-3,918,000","-4,639,000","-4,358,000","-4,252,000","-4,134,000","-2,700,000","-1,700,000","-1,400,000","-1,473,000","-1,400,000","-800,000","-800,000","-771,000","-800,000","-800,000","-1,900,000","-1,500,000",,,,,
EBIT,"684,687,000","31,254,000","52,381,000","127,188,000","473,864,000","372,413,000","-121,073,000","62,049,000","268,141,000","100,567,000","55,202,000","-710,672,000","228,345,000","143,134,000","94,084,000","197,281,000","189,704,000","191,463,000","144,681,000","118,066,000","98,852,000","170,447,000","225,267,000","108,422,000","166,514,000","203,825,000","334,075,000","243,966,000","52,851,000","240,512,000","65,067,000","246,582,000","189,865,000","269,674,000","127,880,000","68,309,000","69,468,000","-317,106,000","90,124,000","257,865,000","281,085,000","185,113,000","279,350,000","314,638,000","336,258,000","146,618,000","-38,472,000","-215,475,000","145,938,000","162,230,000","60,685,000","151,302,000","201,616,000","214,027,000","-329,611,000","583,102,000","170,741,000","228,584,000","-306,167,000","-350,580,000","217,798,000","63,955,000","177,874,000","-337,963,000","131,153,000","181,729,000","246,577,000","122,498,000","190,416,000","159,848,000","108,268,000","94,842,000","102,403,000","93,626,000","66,701,000","32,624,000","41,324,000","46,645,000","41,335,000","45,270,000","33,690,000","28,747,000","106,850,000","2,700,000","1,700,000","1,400,000","55,575,000","1,400,000","800,000","800,000",,,,,,,,,,
ReconciledDepreciation,,,"31,725,000","10,710,000","12,923,000","3,606,000","-30,813,000","6,195,000","11,001,000","13,740,000","12,656,000","7,087,000","5,109,000","6,390,000","10,961,000","7,307,000","2,284,000","8,752,000","14,342,000","-8,558,000","7,582,000","4,813,000","17,501,000","14,851,000","7,114,000","8,305,000","9,173,000","15,702,000","13,732,000","12,989,000","14,392,000","16,518,000","15,204,000","13,581,000","15,258,000","9,791,000","6,726,000","10,523,000","19,693,000","13,323,000","12,716,000","13,987,000","7,464,000","145,000","864,000","740,000","7,463,000","873,000","-2,842,000","3,377,000","8,955,000","3,835,000","4,172,000","2,812,000","3,587,000","4,729,000","3,187,000","776,000","1,419,000","2,641,000","2,603,000","2,972,000","3,731,000","3,722,000","5,531,000","3,876,000","3,349,000","3,196,000","3,255,000","3,291,000","3,606,000","3,154,000","10,426,000","1,855,000","2,017,000","1,112,000","-30,000","91,000","-945,000","369,000","612,000","279,000","810,000","700,000","3,900,000","4,400,000","10,788,000","1,200,000","1,100,000","1,400,000","321,000","300,000","-800,000","1,300,000",,,,,,
NetIncomeFromContinuingOperationNetMinorityInterest,"392,974,000","-72,918,000","42,962,000","45,887,000","377,043,000","282,906,000","-74,717,000","42,389,000","197,384,000","62,308,000","2,143,000","-499,217,000","176,738,000","97,947,000","75,031,000","152,420,000","141,921,000","133,590,000","97,801,000","81,124,000","78,829,000","173,438,000","176,362,000","73,410,000","126,348,000","156,598,000","274,251,000","195,114,000","34,289,000","196,749,000","49,179,000","189,464,000","149,627,000","210,352,000","93,826,000","58,978,000","43,608,000","-237,757,000","70,298,000","215,325,000","220,816,000","175,622,000","222,342,000","269,203,000","281,754,000","107,859,000","-44,617,000","-220,399,000","146,296,000","147,740,000","72,779,000","143,975,000","193,741,000","201,941,000","210,623,000","259,774,000","139,070,000","187,643,000","-201,739,000","-278,538,000","180,548,000","52,966,000","212,614,000","-348,649,000","124,819,000","175,458,000","164,820,000","118,143,000","185,081,000","155,404,000","105,342,000","91,284,000","99,243,000","90,316,000","50,611,000","29,928,000","40,339,000","44,905,000","37,787,000","35,645,000","29,720,000","24,075,000","26,241,000","24,000,000","24,000,000","30,000,000","-10,023,000","20,400,000","28,500,000","35,700,000","31,349,000","35,400,000","37,000,000","35,400,000","36,500,000","39,300,000","9,800,000","9,800,000","9,800,000","9,800,000"
TaxRateForCalcs,"0.001","0.27","0.27","0.033","0.021","0.021","0.067","0.029","0.018","0.27","0.4","0.026","0.018","0.003","0.4","0.4","0.037","0.015","0.063","0.4","0.4","0.4","0.002","0.002","0.35","0.001","0.004","0.001","0.005","0.001","0.007","0.001","0.005","0.35","0.024","0.35","0.35","0","0.35","0.35","0.008","0.35","0.019","0.013","0.002","0.35","0.008","0.002","0.35","0.049","0.35","0.001","0.003","0.001","0.4","0.001","0.001","0.001","0","0","0","0","0.4","0.4","0","0","0","0","0","0.4","0.003","0.4","0.4","0.007","0.205","0.4","0.007","0.019","0.4","0.123","0.4","0.017","0.4","0","0","0","0.4","0","0","0","0.4","0.4","0.4","0.4","0.4","0.4","0.4","0.4","0.4","0.4"
TaxEffectOfUnusualItems,"0","0","0","0","0","0","0","0","0","0","0","0","0","0","0","0","0","0","0","0","0","0","0","0","0","0","0","0","0","0","0","0","0","0","0","0","0","0","0","0","0","0","0","0","0","0","0","0","0","0","0","0","0","0","0","0","0","0","0","0","0","0","0","0","0","0","0","0","0","0","0","0","0","0","0","0","0","0","0","0","0","0","0","0","0","0","0","0","0","0","0","0","0","0","0","0","0","0","0","0"