name,ttm,12/31/2019,12/31/2018,12/31/2017,12/31/2016,12/31/2015,12/31/2014,12/31/2013,12/31/2012,12/31/2011,12/31/2010,12/31/2009,12/31/2008,12/31/2007,12/31/2006,12/31/2005,12/31/2004,12/31/2003,12/31/2002,12/31/2001,12/31/2000,12/31/1999,12/31/1998,12/31/1997,12/31/1996,03/31/1996
TotalRevenue,"4,267,970,000","4,178,730,000","2,056,467,000","2,095,649,000","1,726,874,000","1,494,621,000","1,234,002,000","1,357,288,000","1,382,696,000","1,095,036,000","1,224,671,000","1,667,852,000","1,231,196,000","1,665,554,000","1,840,737,000","1,655,907,000","1,567,992,000","1,366,490,000","910,450,000","440,894,000","349,735,000","270,235,000","260,527,000","254,726,000","294,849,000","71,000,000"
	TotalPremiumsEarned,"3,701,473,000","3,338,403,000","1,976,129,000","1,717,575,000","1,403,430,000","1,400,551,000","1,062,416,000","1,114,626,000","1,069,355,000","951,049,000","864,921,000","1,273,816,000","1,386,824,000","1,424,369,000","1,529,777,000","1,402,709,000","1,338,227,000","1,115,743,000","760,905,000","333,065,000","267,681,000","221,117,000","204,947,000","211,490,000","252,828,000",
		NetPremiumsWritten,"3,722,270,000","3,381,493,000","2,131,902,000","1,871,325,000","1,535,312,000","1,416,183,000","1,068,236,000","1,203,947,000","1,102,657,000","1,012,773,000","848,965,000","1,206,397,000","1,353,620,000",,,,,,,,,,,,,
			GrossPremiumsWritten,,"4,807,750,000","3,310,427,000","2,797,540,000","2,374,576,000","2,011,310,000","1,550,572,000","1,605,412,000","1,551,591,000","1,434,976,000",,,,,,,,,,,,,,,,
			CededPremiums,,"-1,426,257,000","-1,178,525,000","-926,215,000","-839,264,000","-595,127,000","-482,336,000","-401,465,000","-448,934,000","-422,203,000",,,,,,,,,,,,,,,,
		IncreaseDecreaseInNetUnearnedPremiumReserves,"-20,797,000","-43,090,000","-155,773,000","-153,750,000","-131,882,000","-15,632,000","-5,820,000","-89,321,000","-33,302,000","-61,724,000","15,956,000","67,419,000","33,204,000",,,,,,,,,,,,,
	NetInvestmentIncome,"472,895,000","721,467,000","133,679,000","276,370,000","288,686,000","82,977,000","125,462,000","191,651,000","237,667,000","152,135,000","203,955,000","323,981,000","24,231,000","402,463,000","318,106,000","217,252,000","162,722,000","129,542,000","104,098,000","75,156,000","77,868,000","60,334,000","52,834,000","49,573,000","44,170,000",
	NetRealizedGainLossOnInvestments,"103,447,000","121,322,000","-42,075,000","90,316,000","48,614,000","13,206,000","41,608,000","48,936,000","88,708,000","-552,000","131,801,000","81,657,000","-192,711,000","5,261,000","-34,464,000","-1,779,000","17,059,000","94,135,000","12,626,000","18,096,000","-7,151,000","-15,720,000","-6,890,000","-2,895,000","-2,938,000",
	NetForeignExchangeGainLoss,"-5,820,000","-2,938,000","-12,428,000","10,628,000","-13,788,000","-3,051,000","6,260,000","1,917,000","5,223,000","-6,911,000","-17,126,000","-13,623,000","2,600,000",,,,,,,,,,,,,
	FeeRevenueAndOtherIncome,"-4,025,000","476,000","1,162,000","760,000","-68,000","938,000","-1,744,000","158,000","-18,257,000","-685,000","41,120,000","2,021,000","10,252,000","-166,539,000","27,318,000","37,725,000","49,984,000","27,070,000","32,821,000","14,577,000","11,337,000","4,504,000","9,636,000","-3,442,000","789,000",
		OtherIncomeExpense,"-4,025,000","476,000","1,162,000","760,000","-68,000","938,000","-1,744,000","158,000","-18,257,000","-685,000","41,120,000","2,021,000","10,252,000","-166,539,000","27,318,000","37,725,000","49,984,000","27,070,000","32,821,000","14,577,000","11,337,000","4,504,000","9,636,000","-3,442,000","789,000",
TotalExpenses,"3,644,820,000","3,211,248,000","1,793,852,000","2,423,833,000","1,096,486,000","998,245,000","547,138,000","516,250,000","634,605,000","1,169,853,000","432,313,000","606,099,000","1,201,608,000","1,071,550,000","898,533,000","2,059,119,000","1,441,167,000","663,576,000","524,380,000","260,848,000","217,859,000","167,519,000","206,425,000","115,477,000","138,689,000",
	LossAdjustmentExpense,"2,440,940,000","2,097,021,000","1,120,018,000","1,861,428,000","530,831,000","448,238,000","197,947,000","171,287,000","325,211,000","861,179,000","129,345,000","197,287,000","760,489,000","479,274,000","446,230,000","1,635,656,000","1,096,299,000","367,744,000","289,525,000","149,917,000","108,604,000","77,141,000","112,752,000","50,015,000","86,945,000",
		NetPolicyholderBenefitsAndClaims,"2,440,940,000","2,097,021,000","1,120,018,000","1,861,428,000","530,831,000","448,238,000","197,947,000","171,287,000","325,211,000","861,179,000","129,345,000","197,287,000","760,489,000","479,274,000","446,230,000","1,635,656,000","1,096,299,000","367,744,000","289,525,000","149,917,000","108,604,000","77,141,000","112,752,000","50,015,000","86,945,000",
			PolicyholderBenefitsGross,,"3,221,778,000","2,578,536,000","3,420,388,000","710,651,000","544,972,000","228,581,000","185,139,000","403,491,000",,,,,,,,,,,,,,,,,
			PolicyholderBenefitsCeded,,"1,124,757,000","1,458,518,000","1,558,960,000","179,820,000","96,734,000","30,634,000","13,852,000","78,280,000",,,,,,,,,,,,,,,,,
	PolicyAcquisitionExpense,"848,885,000","762,232,000","432,989,000","346,892,000","289,323,000","238,592,000","144,476,000","125,501,000","113,542,000","97,376,000","94,961,000","189,775,000","213,553,000","254,930,000","280,697,000","237,594,000","244,930,000","194,140,000","95,644,000","45,359,000","38,530,000","25,500,000","26,506,000","25,227,000","26,162,000",
	UnderwritingExpenses,"245,261,000","222,733,000","178,267,000","160,778,000","197,749,000","219,112,000","190,639,000","191,105,000","179,301,000",,,,,,,,,,,,,,,,,
	SellingGeneralAndAdministration,"71,324,000","94,122,000","33,983,000","18,572,000","37,402,000","77,114,000","22,987,000","33,622,000","16,692,000","187,930,000","186,178,000","203,926,000","147,800,000","28,860,000","24,418,000","71,813,000","17,609,000","16,043,000","14,327,000","11,485,000","8,022,000","9,900,000","18,900,000","3,200,000","2,300,000",
		GeneralAndAdministrativeExpense,"71,324,000","94,122,000","33,983,000","18,572,000","37,402,000","77,114,000","22,987,000","33,622,000","16,692,000",,,,,"28,860,000","24,418,000","71,813,000","17,609,000","16,043,000","14,327,000","11,485,000","8,022,000","9,900,000","18,900,000","3,200,000","2,300,000",
			SalariesAndWages,,,,,,,,,,,,,,"28,860,000","24,418,000","71,813,000","17,609,000","16,043,000","14,327,000","11,485,000","8,022,000","9,900,000","18,900,000","3,200,000","2,300,000",
			OtherGandA,"71,324,000","94,122,000","33,983,000","18,572,000","37,402,000","77,114,000","22,987,000","33,622,000","16,692,000",,,,,,,,,,,,,,,,,
	NetNonOperatingInterestIncomeExpense,"-61,537,000","-58,364,000","-47,069,000","-44,193,000","-42,144,000","-35,670,000","-17,164,000","-17,929,000","-23,097,000","-23,368,000","-21,829,000","-15,111,000","-24,633,000","-33,626,000","-37,602,000","-28,218,000","-25,968,000","-18,252,000","-13,069,000","-7,249,000","-17,167,000","-9,934,000","-4,473,000","-4,271,000","-6,553,000",
		InterestExpenseNonOperating,"61,537,000","58,364,000","47,069,000","44,193,000","42,144,000","35,670,000","17,164,000","17,929,000","23,097,000","23,368,000","21,829,000","15,111,000","24,633,000","33,626,000","37,602,000","28,218,000","25,968,000","18,252,000","13,069,000","7,249,000","17,167,000","9,934,000","4,473,000","4,271,000","6,553,000",
	IncomefromAssociatesandOtherParticipatingInterests,"23,127,000","23,224,000","18,474,000","8,030,000","963,000","20,481,000","26,075,000","23,194,000","23,238,000",,,,,,,,,,,,,,,,,
	OtherOperatingExpenses,,,,,,,,,,,,,"55,133,000","274,860,000","109,586,000","85,838,000","56,361,000","67,397,000","111,815,000","46,838,000","45,536,000","45,044,000","43,794,000","32,764,000","16,729,000",
PretaxIncome,"623,150,000","967,482,000","262,615,000","-328,184,000","630,388,000","496,376,000","686,864,000","841,038,000","748,091,000","-74,817,000","792,358,000","1,061,753,000","29,588,000","594,004,000","942,204,000","-403,212,000","126,825,000","702,914,000","386,070,000","180,046,000","131,876,000","102,716,000","54,102,000","139,249,000","156,160,000",
TaxProvision,"838,000","17,215,000","-6,302,000","26,487,000","340,000","-45,866,000","608,000","1,692,000","1,429,000","-315,000","-6,124,000","9,094,000","568,000","-18,432,000","935,000","0","-4,003,000","18,000","-115,000","14,262,000","4,648,000","-1,525,000","-20,475,000","0","0",
EarningsFromEquityInterestNetOfTax,,,,,,,,,,,,,,"-42,861,000","-179,634,000","121,799,000","2,280,000","-98,249,000","62,541,000","-1,418,000",,,,,,
NetIncomeCommonStockholders,"350,927,000","703,497,000","195,155,000","-245,227,000","474,915,000","404,090,000","503,577,000","656,156,000","557,041,000","-92,235,000","702,613,000","838,858,000","-13,280,000","569,575,000","761,635,000","-281,413,000","133,108,000","604,647,000","364,814,000","164,366,000","127,228,000","104,241,000","74,577,000","139,249,000","156,160,000","39,200,000"
	NetIncome,"392,974,000","748,798,000","227,364,000","-222,389,000","502,962,000","431,192,000","532,718,000","690,624,000","600,909,000","-57,235,000","744,731,000","881,158,000","29,020,000","612,436,000","797,110,000","-246,763,000","164,242,000","623,448,000","376,998,000","165,784,000","127,228,000","104,241,000","74,577,000","139,249,000","156,160,000","39,200,000"
		NetIncomeIncludingNoncontrollingInterests,"622,312,000","950,267,000","268,917,000","-354,671,000","630,048,000","542,242,000","686,256,000","841,768,000","748,949,000","-90,392,000","861,152,000","1,052,659,000","29,020,000","776,832,000","941,269,000","-403,212,000","130,292,000","702,932,000","439,654,000","174,019,000","134,810,000","112,529,000","83,822,000","146,864,000","156,160,000","39,200,000"
			NetIncomeContinuousOperations,"622,312,000","950,267,000","268,917,000","-354,671,000","630,048,000","542,242,000","686,256,000","839,346,000","746,662,000","-74,502,000","798,482,000","1,052,659,000","29,020,000","569,575,000","761,635,000","-281,413,000","133,108,000","604,647,000","448,726,000","164,366,000","127,228,000","104,241,000","74,577,000","139,249,000","156,160,000","39,200,000"
			NetIncomeDiscontinuousOperations,,,,,,"0","0","2,422,000","2,287,000","-15,890,000","62,670,000",,,,,,,,,,,,,,,
			NetIncomeExtraordinary,,,,,,,,,,,,,,,,,,,"-9,187,000",,,,,,,
		MinorityInterests,"-229,338,000","-201,469,000","-41,553,000","132,282,000","-127,086,000","-111,050,000","-153,538,000","-151,144,000","-148,040,000","33,157,000","-116,421,000","-171,501,000","-55,133,000","-164,396,000","-144,159,000","156,449,000","33,950,000","-79,484,000","-62,656,000","-8,235,000","-7,582,000","-8,288,000","-9,245,000","-7,615,000",,
	PreferredStockDividends,"36,623,000","36,756,000","30,088,000","22,381,000","22,381,000","22,381,000","22,381,000","24,948,000","34,895,000","35,000,000","42,118,000","42,300,000","42,300,000","42,861,000","35,475,000","34,650,000","31,134,000","18,801,000","12,184,000","1,418,000",,,,,,
	OtherunderPreferredStockDividend,,"8,545,000","2,121,000","457,000","5,666,000","4,721,000","6,760,000","9,520,000","8,973,000",,,,,,,,,,,,,,,,,
DilutedNIAvailtoComStockholders,"350,927,000","703,497,000","195,155,000","-245,227,000","474,915,000","404,090,000","503,577,000","656,156,000","557,041,000","-92,235,000","702,613,000","838,858,000","-13,280,000","569,575,000","761,635,000","-281,413,000","133,108,000","604,647,000","364,814,000","164,366,000","127,228,000","104,241,000","74,577,000","139,249,000","156,160,000","39,200,000"
BasicEPS,,,"4.91","-6.15","11.5","9.36","12.77","15.14","11.4","-1.84","12.42","13.5","-0.21","8.08","10.72","-3.99","1.9","8.76","5.4","2.763","2.227","1.7","1.13","2.063","2.003","0.5"
DilutedEPS,,,"4.91","-6.15","11.43","9.28","12.6","14.87","11.23","-1.84","12.31","13.4","-0.21","7.93","10.57","-3.99","1.85","8.52","5.2","2.633","2.167","1.683","1.11","2.02","2.003","0.5"
BasicAverageShares,,,"39,732,000","39,854,000","41,314,000","43,157,000","39,425,000","43,349,000","48,873,000","50,747,000","55,145,000","62,137,630","62,531,000","70,491,955","71,048,041","70,529,574","70,056,842","69,023,630","67,558,148","59,481,062","57,138,323","61,318,235","65,997,345","67,487,399","77,950,083","78,478,478"
DilutedAverageShares,,,"39,755,000","39,854,000","41,559,000","43,526,000","39,968,000","44,128,000","49,603,000","50,747,000","55,641,000","62,601,343","63,411,000","71,825,347","72,056,291","70,529,574","71,950,270","70,967,958","70,156,538","62,417,468","58,720,615","61,925,347","67,186,486","68,935,149","77,950,083","78,478,478"
NetIncomeFromContinuingAndDiscontinuedOperation,"392,974,000","748,798,000","227,364,000","-222,389,000","502,962,000","431,192,000","532,718,000","690,624,000","600,909,000","-57,235,000","744,731,000","881,158,000","29,020,000","612,436,000","797,110,000","-246,763,000","164,242,000","623,448,000","386,185,000","165,784,000","127,228,000","104,241,000","74,577,000","139,249,000","156,160,000","39,200,000"
NormalizedIncome,"392,974,000","748,798,000","227,364,000","-222,389,000","502,962,000","431,192,000","532,718,000","688,202,000","598,622,000","-41,345,000","682,061,000","881,158,000","29,020,000","612,436,000","797,110,000","-246,763,000","164,242,000","623,448,000","386,185,000","165,784,000","127,228,000","104,241,000","74,577,000","139,249,000","156,160,000","39,200,000"
EBIT,"684,687,000","1,025,846,000","309,684,000","-283,991,000","672,532,000","532,046,000","704,028,000","858,967,000","771,188,000","-51,449,000","814,187,000","1,076,864,000","54,221,000","627,630,000","979,806,000","-374,994,000","152,793,000","721,166,000","399,139,000","187,295,000","149,043,000","112,650,000","58,575,000","143,520,000","162,713,000",
ReconciledDepreciation,,"58,964,000","123,000","31,242,000","29,304,000","18,179,000","47,771,000","51,596,000","59,695,000","42,298,000","59,719,000","9,213,000","8,871,000","19,774,000","12,279,000","9,635,000","16,860,000","13,091,000","19,041,000","3,190,000","315,000","9,810,000","14,488,000","1,121,000","296,000",
NetIncomeFromContinuingOperationNetMinorityInterest,"392,974,000","748,798,000","227,364,000","-222,389,000","502,962,000","431,192,000","532,718,000","688,202,000","598,622,000","-41,345,000","682,061,000","881,158,000","29,020,000","612,436,000","797,110,000","-246,763,000","164,242,000","623,448,000","386,185,000","165,784,000","127,228,000","104,241,000","74,577,000","139,249,000","156,160,000","39,200,000"
TaxRateForCalcs,"0.001","0.018","0.27","0.4","0.001","0.4","0.001","0.002","0.002","0.004","0.35","0.009","0.019","0.35","0.001","0","0.4","0","0.4","0.079","0.035","0.4","0.4","0","0","0.4"
TaxEffectOfUnusualItems,"0","0","0","0","0","0","0","0","0","0","0","0","0","0","0","0","0","0","0","0","0","0","0","0","0","0"
InterestExpense,"61,537,000","58,364,000","47,069,000","44,193,000","42,144,000","35,670,000","17,164,000","17,929,000","23,097,000","23,368,000","21,829,000","15,111,000","24,633,000","33,626,000","37,602,000","28,218,000","25,968,000","18,252,000","13,069,000","7,249,000","17,167,000","9,934,000","4,473,000","4,271,000","6,553,000",