name,ttm,12/31/2019,12/31/2018,12/31/2017,12/31/2016,12/31/2015,12/31/2014,12/31/2013,12/31/2012,12/31/2011,12/31/2010,12/31/2009,12/31/2008,12/31/2007,12/31/2006,12/31/2005,12/31/2004,12/31/2003,12/31/2002,12/31/2001,12/31/2000,12/31/1999,12/31/1998,12/31/1997,12/31/1996,12/31/1995,12/31/1994,12/31/1993,12/31/1992,12/31/1991,12/31/1990,12/31/1989,12/31/1988,12/31/1987
TotalRevenue,"42,777,000,000","45,164,000,000","43,713,000,000","52,394,000,000","47,405,000,000","48,234,000,000","50,446,000,000","46,860,000,000","50,503,000,000","51,396,000,000","41,670,337,000","47,552,986,000","39,606,359,000","30,875,361,916.89","30,441,657,334.01","33,555,878,389.12","18,033,486,094.24","15,577,441,728.09","17,155,891,979.44","18,335,354,225.09","15,151,265,106.36","12,302,523,926","7,044,080,058","6,037,903,053","4,973,559,647","4,508,113,773","3,462,687,798","2,589,598,795","2,576,825,190","3,202,711,148",,,,
	NetInterestIncome,"35,088,000,000","35,283,000,000","34,341,000,000","34,296,000,000","31,089,000,000","32,812,000,000","29,547,000,000","25,935,000,000","30,147,000,000","30,821,000,000","29,224,379,000","26,298,542,000","18,171,793,000","15,319,230,180.64","12,803,563,061.95","10,485,504,464.82","7,601,427,248.4","7,944,445,630.63","9,367,118,553.15","10,274,621,129.14","8,312,541,236.66","6,680,256,380","4,291,778,844","3,021,269,706","2,285,068,680","2,148,496,068","1,729,509,114","1,522,123,064","1,461,784,320","1,639,383,473",,,,
		InterestIncome,"55,713,000,000","56,785,000,000","54,325,000,000","56,041,000,000","55,156,000,000","57,198,000,000","54,656,000,000","51,447,000,000","59,024,000,000","60,856,000,000","52,906,754,000","53,173,004,000","56,207,656,000","46,289,431,457.65","37,785,194,117.84","33,268,892,354.26","17,946,191,993.76","17,614,433,585.61","23,205,478,002.27","28,715,069,930.51","29,665,929,619.9","19,974,483,347","13,639,234,626","10,699,262,028","9,602,511,011","8,796,448,908","6,254,333,562","5,626,585,622","4,966,293,060","4,898,277,293",,,,
			InterestIncomeFromLoansAndLease,,"49,279,000,000","46,364,000,000","45,480,000,000","47,056,000,000","47,290,000,000","43,957,000,000","40,972,000,000","47,394,000,000","47,970,000,000","42,899,017,000",,"46,227,081,000","39,314,722,719.98","31,074,317,876.35","23,640,981,418.67","14,167,017,519.04","10,319,018,548.62","12,922,688,694.92","16,335,809,315.82","14,849,647,688.64","10,892,137,158","7,863,656,850","6,020,903,070","4,272,130,337","4,008,425,436","2,872,784,034",,,"3,337,041,526",,,,
				InterestIncomeFromLoans,,"49,279,000,000","46,364,000,000","45,480,000,000","47,056,000,000","47,290,000,000","43,957,000,000","40,972,000,000","47,394,000,000","47,970,000,000","42,899,017,000",,"46,227,081,000","39,314,722,719.98","31,074,317,876.35","23,640,981,418.67","14,167,017,519.04","10,319,018,548.62","12,922,688,694.92","16,335,809,315.82","14,849,647,688.64","10,892,137,158","7,863,656,850","6,020,903,070","4,272,130,337","4,008,425,436","2,872,784,034",,,"3,337,041,526",,,,
			InterestIncomeFromSecurities,"5,916,000,000","6,378,000,000","6,429,000,000","7,141,000,000","6,927,000,000","7,361,000,000","7,247,000,000","6,435,000,000","7,093,000,000","7,406,000,000","6,231,925,000",,"4,558,953,000",,,"4,669,975,705.65",,"3,848,364,854.72","5,559,319,170.69","5,876,673,634.16","4,729,516,519.3","3,841,395,866","2,975,357,070","2,459,633,904","2,660,369,517","2,722,041,882","1,779,822,996",,"57,845,745","615,469,218",,,,
			InterestIncomeFromDeposits,,,,"1,881,000,000",,"1,392,000,000","2,038,000,000","2,701,000,000","2,693,000,000","3,192,000,000","1,933,085,000",,,"634,415,346.73","616,124,715.78","405,301,728.09","235,603,189.12","295,588,783.92","335,870,464.62","263,045,515.95","179,682,328.18","63,205,044","11,340,378","75,454,470","16,953,217","25,269,084","17,450,844",,,,,,,
			OtherInterestIncome,"518,000,000","1,128,000,000","1,532,000,000","1,539,000,000","1,173,000,000","1,155,000,000","1,414,000,000","1,339,000,000","1,844,000,000","2,288,000,000","1,842,727,000",,"5,421,622,000","6,340,293,390.94","6,094,751,525.71","4,552,633,501.85","3,543,571,285.6","3,151,461,398.35","4,387,599,672.04","6,239,541,464.58","9,907,083,083.78","5,177,745,279","2,788,880,328","2,143,270,584","2,653,057,940","2,040,712,506","1,584,275,688",,"4,908,447,315","945,766,549",,,,
		InterestExpense,"20,625,000,000","21,502,000,000","19,984,000,000","21,745,000,000","24,067,000,000","24,386,000,000","25,109,000,000","25,512,000,000","28,877,000,000","30,035,000,000","23,682,375,000","26,874,462,000","38,035,863,000","30,970,201,277.01","24,981,631,055.89","22,783,387,889.44","10,344,764,745.36","9,669,987,954.98","13,838,359,449.12","18,440,448,801.37","21,353,388,383.24","13,294,226,967","9,347,455,782","7,677,992,322","7,317,442,331","6,647,952,840","4,524,824,448","4,104,462,558","3,504,508,740","3,258,893,820",,,,
			InterestExpenseForDeposit,,"13,181,000,000","12,080,000,000","13,335,000,000","15,001,000,000","15,182,000,000","15,614,000,000","16,775,000,000","18,893,000,000","19,694,000,000","15,118,159,000",,"19,207,447,000","16,294,591,504.37","14,681,134,035.75","12,978,175,231.09","5,860,891,205.76","4,308,068,523.22","6,214,199,201.72","8,127,030,299.03","7,630,840,386.92","4,982,366,165","4,460,179,194","3,556,360,080","3,274,059,903","3,015,210,051","1,747,367,688",,,"2,084,436,900",,,,
			InterestExpenseForLongTermDebtAndCapitalSecurities,,"918,000,000","770,000,000","966,000,000","945,000,000","934,000,000","1,084,000,000","1,260,000,000","1,650,000,000","8,370,000,000","7,189,382,000",,"10,817,648,000","11,422,968,691.18","7,522,656,215.21","5,849,458,200.83","2,579,275,251.92","3,794,006,354.95","4,566,052,834.24","7,161,899,560.37","6,836,655,079.88","1,942,859,450","1,381,053,402","1,163,998,836",,,,,,"1,174,456,920",,,,
			OtherInterestExpense,,"7,403,000,000","7,134,000,000","7,444,000,000","8,121,000,000","8,270,000,000","8,411,000,000","7,477,000,000","8,334,000,000","1,971,000,000","1,374,834,000",,"8,010,768,000","3,252,641,081.46","2,777,840,804.93","3,955,754,457.52","1,904,598,287.68","1,567,913,076.81","3,058,107,413.16","3,151,518,941.97","6,885,892,916.44","6,369,001,352","3,506,223,186","2,957,633,406","4,043,382,428","3,632,742,789","2,777,456,760",,,,,,,
	NonInterestIncome,"7,689,000,000","9,881,000,000","9,372,000,000","18,098,000,000","16,316,000,000","15,422,000,000","20,899,000,000","20,925,000,000","20,356,000,000","20,575,000,000","12,445,958,000","21,254,444,000","21,434,566,000","15,556,131,736.25","17,638,094,272.06","23,070,373,924.3","10,432,058,845.84","7,632,996,097.46","7,788,773,426.29","8,060,733,095.95","6,838,723,869.7","5,622,267,546","2,752,301,214","3,016,633,347","2,688,490,967","2,359,617,705","1,733,178,684","1,067,475,731","1,115,040,870","1,563,327,675",,,,
		TotalPremiumsEarned,"2,104,000,000","2,534,000,000","3,175,000,000","2,546,000,000","1,900,000,000","1,096,000,000","3,532,000,000","4,724,000,000","5,541,000,000",,,,,"319,856,160.37","4,672,107,477.88",,"2,208,633,099.68",,,,,,,,,,,,,,,,,
		FeesAndCommissions,"11,056,000,000","11,134,000,000","10,951,000,000","10,921,000,000","9,611,000,000","9,478,000,000","9,087,000,000","9,237,000,000","9,781,000,000","10,472,000,000","9,734,150,000","16,192,990,000","8,450,606,000","8,052,846,309.16","7,223,258,800.16","7,476,006,218.25","4,723,739,781.44","5,089,979,243.33","5,151,740,572.48","5,544,820,100.19","4,775,580,365.92","3,697,097,558","2,030,439,258","1,652,907,438","1,142,373,646","1,019,108,397","813,992,172","473,826,227","604,608,030","494,736,242",,,,
			FeesandCommissionIncome,"14,723,000,000","14,704,000,000","14,130,000,000","13,903,000,000","12,374,000,000","12,487,000,000","11,906,000,000","11,949,000,000","12,300,000,000","12,749,000,000","11,679,702,000","16,192,990,000","8,450,606,000","8,052,846,309.16","7,223,258,800.16","7,476,006,218.25","4,723,739,781.44","5,089,979,243.33","5,151,740,572.48","5,544,820,100.19","4,775,580,365.92","3,697,097,558","2,030,439,258","1,652,907,438","1,142,373,646","1,019,108,397","813,992,172","473,826,227","604,608,030","494,736,242",,,,
				ServiceChargeOnDepositorAccounts,,"6,582,000,000","6,357,000,000","6,180,000,000","5,557,000,000","5,403,000,000","5,350,000,000","5,822,000,000","6,022,000,000",,,,,,,,,,,,,,,,,,,,,,,,,
				TrustFeesbyCommissions,,"293,000,000","305,000,000","251,000,000","201,000,000","222,000,000","78,000,000","107,000,000","103,000,000",,,,,,,,,,,,,"3,697,097,558","2,030,439,258","1,652,907,438","1,142,373,646","1,019,108,397","813,992,172","473,826,227","604,608,030","494,736,242",,,,
				CreditCard,,"3,858,000,000","3,514,000,000","3,515,000,000","2,972,000,000","2,768,000,000","2,769,000,000","2,890,000,000","2,793,000,000",,,,,,,,,,,,,,,,,,,,,,,,,
				OtherCustomerServices,,"3,971,000,000","3,954,000,000","3,957,000,000","3,644,000,000","4,094,000,000","3,709,000,000","3,130,000,000","3,382,000,000",,,,,,,,,,,,,,,,,,,,,,,,,
			FeesandCommissionExpense,"3,667,000,000","3,570,000,000","3,179,000,000","2,982,000,000","2,763,000,000","3,009,000,000","2,819,000,000","2,712,000,000","2,519,000,000","2,277,000,000","1,945,552,000",,,,,,,,,,,,,,,,,,,,,,,
		DividendIncome,"524,000,000","533,000,000","370,000,000","384,000,000","413,000,000","455,000,000","435,000,000","378,000,000",,"394,000,000",,"436,000,000",,,,,,,,,,,,,,,,,,,,,,
		InvestmentBankingProfit,,"364,000,000","283,000,000","374,000,000","282,000,000","252,000,000","306,000,000","208,000,000","204,000,000",,,,,,,,,,,,,,,,,,,,,,,,,
		TradingGainLoss,,"281,000,000","251,000,000","302,000,000","287,000,000","303,000,000","303,000,000","316,000,000","323,000,000",,,,,,,,,,,,,,,,,,,,,,,,,
		ForeignExchangeTradingGains,"-5,081,000,000","-932,000,000","-679,000,000","105,000,000","-1,627,000,000","3,156,000,000","-1,124,000,000","160,000,000","-189,000,000","-522,000,000","441,148,000","444,127,000","579,827,000",,,,,,,,,,,,,,,,,,,,,
		GainLossonSaleofAssets,"-3,372,000,000","-5,830,000,000","-6,622,000,000","1,848,000,000","3,531,000,000","-834,000,000","7,113,000,000","5,101,000,000","3,544,000,000","2,575,000,000","2,164,423,000","3,801,645,000","2,963,672,000","2,325,283,113.16","360,984,731.32","618,696,014.73","200,491,096.48","997,069,823.24","356,571,831.93","686,334,747.97","704,048,677.6","380,224,054","306,701,802",,,,,,,,,,,
			GainOnSaleOfSecurity,"-4,418,000,000","-6,889,000,000","-6,527,000,000","1,529,000,000","3,642,000,000","-773,000,000","4,220,000,000","3,371,000,000","3,395,000,000","2,838,000,000","2,164,423,000","0","0","2,325,283,113.16","271,960,702.46","618,696,014.73","30,868,219.6","997,069,823.24","356,571,831.93","686,334,747.97","704,048,677.6","380,224,054","306,701,802",,,,,,,,,,,
			GainonSaleofInvestmentProperty,"1,046,000,000","1,059,000,000","-95,000,000","319,000,000","-111,000,000","-61,000,000","2,893,000,000","1,730,000,000","149,000,000","-263,000,000",,"3,801,645,000","2,963,672,000",,"89,024,028.86",,"169,622,876.88",,,,,,,,,,,,,,,,,
		OtherNonInterestIncome,"1,813,000,000","1,797,000,000","1,643,000,000","1,618,000,000","1,919,000,000","1,971,000,000","1,682,000,000","1,179,000,000","1,152,000,000","8,050,000,000","106,237,000","815,682,000","9,440,461,000","4,858,146,153.56","5,381,743,262.7","14,975,671,691.32","3,299,194,868.24","1,545,947,030.89","2,280,461,021.88","1,829,578,247.79","1,359,094,826.18","1,544,945,934","415,160,154","1,363,725,909","1,546,117,321","1,340,509,308","919,186,512","593,649,504","510,432,840","1,068,591,433",,,,
CreditLossesProvision,,,,"-9,241,000,000","-9,557,000,000","-10,194,000,000","-10,521,000,000","-10,986,000,000","-18,549,000,000","-2,601,000,000","-10,258,000,000",,,"-3,501,567,309.91","-2,483,625,989.48","-1,754,714,275.42","-1,593,891,897.76","-1,493,076,543.34","-1,649,682,555.12","-1,588,778,282.47","-1,051,250,808.94","-989,616,082","-447,817,032","-474,726,798","-363,811,216","-218,608,773","-127,701,036",,,"-549,574,116",,,,
NonInterestExpense,"30,597,000,000","31,322,000,000","30,126,000,000","30,506,000,000","27,423,000,000","28,059,000,000","28,568,000,000","28,219,000,000","28,324,000,000","27,673,000,000","18,195,972,000","28,788,214,000","22,331,579,000","14,595,992,611.3","18,808,019,912.67","23,601,988,649.94","12,055,562,694.16","11,185,086,920.37","12,063,647,230","13,008,750,242.68","10,231,251,694.7","8,442,146,671","5,070,257,424","4,060,177,758","3,610,472,792","3,354,236,928","2,448,744,834","1,863,489,453","1,852,139,655","1,780,886,107",,,,
	OccupancyAndEquipment,,"975,000,000","1,968,000,000","1,931,000,000","1,853,000,000","1,943,000,000","1,930,000,000","1,980,000,000","1,918,000,000",,,,,"991,222,753.35","980,835,008.83","913,037,678.31","539,246,293.04","510,545,409.4","577,400,711.12","671,428,329.64","603,479,725.64","468,472,606","1,577,506,266","1,524,362,112","824,279,873","754,094,979","588,517,482","436,991,996","375,790,455","556,522,239",,,,
		Equipment,,"975,000,000","1,968,000,000","1,931,000,000","1,853,000,000","1,943,000,000","1,930,000,000","1,980,000,000","1,918,000,000",,,,,,,,,,,,,,,,,,,,,,,,,
	SellingGeneralAndAdministration,"20,598,000,000","21,196,000,000","20,953,000,000","20,375,000,000","18,237,000,000","17,828,000,000","18,902,000,000","19,634,000,000","20,541,000,000","24,137,000,000","16,255,988,000","21,598,601,000","20,113,547,000","7,126,400,547.96","6,527,606,941.98","6,217,062,331.73","4,585,744,934.56","4,253,380,501","4,792,049,669.74","5,608,114,215.75","4,769,365,478.54","3,984,998,521","2,602,147,788","2,099,452,446","1,627,428,485","1,519,108,698","1,016,226,252","695,548,581","760,270,185","697,501,896",,,,
		GeneralAndAdministrativeExpense,"19,913,000,000","20,511,000,000","20,307,000,000","19,618,000,000","17,546,000,000","17,123,000,000","18,247,000,000","19,004,000,000","19,876,000,000","24,137,000,000","16,255,988,000","21,598,601,000","20,113,547,000","6,561,525,560.53","6,045,442,575.89","5,812,980,631.59","4,292,997,364.24","4,042,303,506.1","4,525,807,005.2","5,267,451,475.2","4,463,295,318.14","3,781,569,708","2,602,147,788","2,099,452,446","1,627,428,485","1,519,108,698","1,016,226,252","695,548,581","760,270,185","697,501,896",,,,
			SalariesAndWages,"12,034,000,000","12,141,000,000","11,865,000,000","12,047,000,000","11,004,000,000","11,107,000,000","10,242,000,000","10,069,000,000","10,323,000,000","10,326,000,000","9,329,556,000","8,450,000,000","6,963,855,000","6,561,525,560.53","6,045,442,575.89","5,812,980,631.59","4,292,997,364.24","4,042,303,506.1","4,525,807,005.2","5,267,451,475.2","4,463,295,318.14","3,781,569,708","2,602,147,788","2,099,452,446","1,627,428,485","1,519,108,698","1,016,226,252","695,548,581","760,270,185","697,501,896",,,,
			InsuranceAndClaims,"2,053,000,000","2,500,000,000","3,200,000,000","2,567,000,000","1,906,000,000","1,072,000,000","3,459,000,000","4,666,000,000","5,009,000,000","6,356,000,000",,"6,773,996,000","8,134,199,000",,,,,,,,,,,,,,,,,,,,,
			OtherGandA,"5,826,000,000","5,870,000,000","5,242,000,000","5,004,000,000","4,636,000,000","4,944,000,000","4,546,000,000","4,269,000,000","4,544,000,000","7,455,000,000","6,926,432,000","14,824,605,000","5,015,493,000",,,,,,,,,,,,,,,,,,,,,
		SellingAndMarketingExpense,,"685,000,000","646,000,000","757,000,000","691,000,000","705,000,000","655,000,000","630,000,000","665,000,000",,,,,"564,874,987.43","482,164,366.09","404,081,700.14","292,747,570.32","211,076,994.9","266,242,664.54","340,662,740.55","306,070,160.4","203,428,813",,,,,,,,,,,,
	DepreciationAmortizationDepletionIncomeStatement,"2,983,000,000","3,001,000,000","2,425,000,000","2,593,000,000","2,364,000,000","2,418,000,000","2,287,000,000","2,391,000,000","2,189,000,000","2,109,000,000","1,939,984,000","1,596,445,000","1,269,527,000",,,,,,,,,,,,,,,,,,,,,
		DepreciationAndAmortizationInIncomeStatement,"2,983,000,000","3,001,000,000","2,425,000,000","2,593,000,000","2,364,000,000","2,418,000,000","2,287,000,000","2,391,000,000","2,189,000,000","2,109,000,000","1,939,984,000","1,596,445,000","1,269,527,000",,,,,,,,,,,,,,,,,,,,,
	OtherNonInterestExpense,"6,041,000,000","6,150,000,000","4,780,000,000","5,607,000,000","4,969,000,000","5,870,000,000","5,449,000,000","4,214,000,000","3,676,000,000","1,427,000,000",,"5,593,168,000","948,505,000","6,478,369,309.99","11,299,577,961.86","16,471,888,639.9","6,930,571,466.56","6,421,161,009.97","6,694,196,849.14","6,729,207,697.29","4,858,406,490.52","3,988,675,544","890,603,370","436,363,200","1,158,764,434","1,081,033,251","844,001,100","730,948,876","716,079,015","526,861,972",,,,
IncomefromAssociatesandOtherParticipatingInterests,"269,000,000","324,000,000","737,000,000","704,000,000","444,000,000","375,000,000","243,000,000","500,000,000","427,000,000","451,000,000","378,989,000","435,954,000","1,350,109,000",,,,,,,,,,,,,,,,,,,,,
SpecialIncomeCharges,"-1,617,000,000","-1,623,000,000","-123,000,000","-1,260,000,000","-101,000,000","-809,000,000","-921,000,000","-503,000,000","-508,000,000","-13,634,000,000","-11,801,481,000","-11,742,952,000","-7,395,137,000","-1,584,948,862.33",,"-50,897,539.73",,"667,498,937.41","-339,139,151.72","61,350,875.17","-407,302,445.38",,,,,,,,,,,,,
	ImpairmentOfCapitalAssets,"1,599,000,000","1,609,000,000","133,000,000","1,145,000,000","94,000,000","418,000,000","684,000,000","41,000,000","151,000,000","13,385,000,000","10,729,013,000","11,742,952,000","7,395,137,000",,,,,,,,,,,,,,,,,,,,,
	WriteOff,"16,000,000","14,000,000","10,000,000","115,000,000","7,000,000","391,000,000","237,000,000","462,000,000","357,000,000",,,,,,,,,,,,,,,,,,,,,,,,,
	OtherSpecialCharges,,,,,,,,,,"249,000,000","1,072,468,000",,,,,,,,,,,,,,,,,,,,,,,
OtherNonOperatingIncomeExpenses,,,,,,"-2,192,000,000","-1,917,000,000","-1,261,000,000",,,,,,,,,,,,,,,,,,,,,,,,,,
PretaxIncome,"10,832,000,000","12,543,000,000","14,201,000,000","12,091,000,000","10,768,000,000","9,547,000,000","10,679,000,000","7,652,000,000","3,549,000,000","7,939,000,000","12,051,873,000","10,587,800,000","11,229,752,000","10,616,052,924.23","8,500,204,364.82","7,619,014,601.74","3,993,956,645.84","2,946,673,915.08","2,564,472,765.04","2,957,106,114.08","2,658,251,178.8","2,272,897,109","1,526,005,602","1,503,089,406","999,275,639","935,268,072","886,323,474","653,247,469","674,536,005","840,648,172",,,,
TaxProvision,"4,314,000,000","4,427,000,000","4,886,000,000","3,884,000,000","3,282,000,000","2,213,000,000","3,718,000,000","2,113,000,000","575,000,000","1,776,000,000","2,923,190,000","1,206,610,000","1,884,223,000","2,339,366,767.74","2,293,635,979.67","1,390,120,109.67","525,435,448.08","340,411,777.42","315,263,441.34","466,474,349.86","393,850,520.22","544,398,162","338,932,350","221,363,415","261,208,097","282,717,375","267,797,064","236,778,682","248,016,735","290,999,345",,,,
NetIncomeCommonStockholders,"4,411,000,000","5,920,000,000","7,250,000,000","6,224,000,000","5,870,000,000","5,690,000,000","5,685,000,000","4,370,000,000","2,205,000,000","5,351,000,000","8,180,909,000","9,412,060,000","9,332,414,000","9,074,536,779.65","7,595,941,507.39","6,215,382,154.83","3,603,206,812.16","2,292,350,317.46","1,848,182,394.24","1,989,502,773.42","1,952,876,899.9","1,211,231,252","1,187,073,252","987,453,558","738,067,542","652,550,697","618,526,410","416,468,787","426,519,270","549,648,827","429,311,925","358,807,973","296,947,500","227,422,566"
	NetIncome,"5,006,000,000","6,515,000,000","7,810,000,000","6,619,000,000","6,204,000,000","5,966,000,000","5,816,000,000","4,370,000,000","2,205,000,000","5,351,000,000","8,180,909,000","9,412,060,000","9,332,414,000","9,074,536,779.65","7,595,941,507.39","6,215,382,154.83","3,603,206,812.16","2,606,262,137.66","2,249,209,323.7","2,490,631,764.22","2,264,400,658.58","1,577,542,246","1,187,073,252","987,453,558","738,067,542","652,550,697","618,526,410","416,468,787","426,519,270","549,648,827","429,311,925","358,807,973","296,947,500","227,422,566"
		NetIncomeIncludingNoncontrollingInterests,"6,518,000,000","8,116,000,000","9,315,000,000","8,207,000,000","7,486,000,000","7,334,000,000","6,935,000,000","5,524,000,000","2,967,000,000","6,139,000,000","9,101,761,000","9,412,060,000","9,788,414,000","9,651,336,302.9","8,245,747,059.05","6,744,646,321.43","3,993,282,406.32","3,226,364,630.34","2,788,159,601.26","3,332,701,101.34","3,067,608,572.38","2,175,406,310","1,187,073,252","987,453,558","738,067,542","652,550,697","618,526,410","489,241,039","476,668,800","581,251,580","429,311,925","358,807,973","296,947,500","227,422,566"
			NetIncomeContinuousOperations,"6,518,000,000","8,116,000,000","9,315,000,000","8,207,000,000","7,486,000,000","7,334,000,000","6,961,000,000","5,539,000,000","2,974,000,000","6,163,000,000","9,128,683,000","9,381,190,000","9,345,529,000","8,276,686,156.49","6,206,568,385.15","6,228,894,492.07","3,468,521,197.76","2,606,262,137.66","2,249,209,323.7","2,490,631,764.22","2,264,400,658.58","1,728,498,947","1,187,073,252","1,281,725,991","738,067,542","652,550,697","618,526,410","416,468,787","426,519,270","549,648,827","429,311,925","358,807,973","296,947,500","227,422,566"
			NetIncomeDiscontinuousOperations,"0","0","0","0","0","0","-26,000,000","-15,000,000","-7,000,000","-24,000,000","-26,922,000","30,870,000","-13,115,000","797,850,623.16","1,389,373,122.24","-13,512,337.24","134,685,614.4",,,,,,,,,,,,,,,,,
			NetIncomeExtraordinary,,,,,,,,,,,,,"0",,,,,,,,,,,,,,,,,,,,,
			NetIncomeFromTaxLossCarryforward,,,,,,,,,,,,,,,,,,,,,,"-150,956,701",,"-294,272,433",,,,,,,,,,
		MinorityInterests,"-1,512,000,000","-1,601,000,000","-1,505,000,000","-1,588,000,000","-1,282,000,000","-1,368,000,000","-1,119,000,000","-1,154,000,000","-762,000,000","-788,000,000","-920,852,000","-516,000,000","-456,000,000","-576,799,523.25","-649,805,551.66","-529,264,166.6","-390,075,594.16","-620,102,492.68","-538,950,277.56","-842,069,337.12","-803,207,913.8","-597,864,064",,,,,,"-72,772,252","-50,149,530","-31,602,753",,,,
	PreferredStockDividends,,"595,000,000","560,000,000","395,000,000","334,000,000","276,000,000","131,000,000",,,,,,,,,,,"313,911,820.2","401,026,929.46","501,128,990.8","311,523,758.68","366,310,994",,,,,,,,,,,,
AverageDilutionEarnings,,,,"0","0","0","0","0","0",,,,,,,,,,,,,,,,,,,,,,,,,
DilutedNIAvailtoComStockholders,"4,411,000,000","5,920,000,000","7,250,000,000","6,224,000,000","5,870,000,000","5,690,000,000","5,685,000,000","4,370,000,000","2,205,000,000","5,351,000,000","8,180,909,000","9,412,060,000","9,332,414,000","9,074,536,779.65","7,595,941,507.39","6,215,382,154.83","3,603,206,812.16","2,292,350,317.46","1,848,182,394.24","1,989,502,773.42","1,952,876,899.9","1,211,231,252","1,187,073,252","987,453,558","738,067,542","652,550,697","618,526,410","416,468,787","426,519,270","549,648,827","429,311,925","358,807,973","296,947,500","227,422,566"
BasicEPS,,"0.362","0.449","0.404","0.41","0.45","0.479","0.4","0.23","0.602","0.942","1.045","1.11","1.433","1.215","0.999","0.73","0.469","0.48","0.546","0.537","0.427","0.384","0.347","0.283","0.252","0.224","0.307","0.316","0.403","0.315","0.281","0.235","0.181"
DilutedEPS,,"0.361","0.448","0.403","0.41","0.44","0.478","0.4","0.22","0.597","0.936","1.038","1.11","1.418","1.208","0.989","0.729","0.469","0.48","0.546","0.537","0.427","0.384","0.347","0.283","0.252","0.224","0.307","0.316","0.403","0.315","0.281","0.235","0.181"
BasicAverageShares,,"16,348,415,883","17,394,209,354","15,394,458,789","14,415,534,166","14,591,111,111","12,141,962,422","10,925,000,000","9,451,734,994","11,666,666,667","8,686,557,656","8,554,620,241","6,232,731,469","6,334,009,787","6,253,645,157","6,220,103,929","4,933,466,791","4,885,737,011","3,848,000,000","4,659,362,499","4,560,236,413","2,834,418,605","3,036,314,137","2,193,868,941","2,509,183,673","2,512,457,412","2,208,037,369","1,544,117,647","1,387,755,102","1,957,653,061","1,957,653,061","1,957,653,061","1,957,653,061","1,957,653,061"
DilutedAverageShares,,"16,384,307,527","17,433,035,714","15,394,458,789","14,415,534,166","14,922,727,273","12,167,364,017","10,925,000,000","9,832,746,572","11,752,594,576","8,744,121,419","8,613,947,216","6,717,421,985","6,400,309,888","6,287,780,916","6,283,281,837","4,942,287,339","4,885,737,011","3,848,000,000","4,659,362,499","4,560,236,413","2,834,418,605","3,036,314,137","2,193,868,941","2,509,183,673","2,512,457,412","2,208,037,369","1,544,117,647","1,387,755,102","1,957,653,061","1,957,653,061","1,957,653,061","1,957,653,061","1,957,653,061"
InterestIncomeAfterProvisionForLoanLoss,"35,088,000,000","35,283,000,000","34,341,000,000","25,055,000,000","21,532,000,000","22,618,000,000","19,026,000,000","14,949,000,000","11,598,000,000","28,220,000,000","29,224,379,000","26,298,542,000","18,171,793,000","11,817,662,870.73","10,319,937,072.47","8,730,790,189.4","6,007,535,350.64","6,451,369,087.29","7,717,435,998.03","8,685,842,846.67","7,261,290,427.72","5,690,640,298","3,843,961,812","2,546,542,908","1,921,257,464","1,929,887,295","1,601,808,078","1,522,123,064","1,461,784,320","1,089,809,357",,,,
NetIncomeFromContinuingAndDiscontinuedOperation,"5,006,000,000","6,515,000,000","7,810,000,000","6,619,000,000","6,204,000,000","5,966,000,000","5,816,000,000","4,370,000,000","2,205,000,000","5,351,000,000","8,180,909,000","9,412,060,000","9,332,414,000","9,074,536,779.65","7,595,941,507.39","6,215,382,154.83","3,603,206,812.16","2,606,262,137.66","2,249,209,323.7","2,490,631,764.22","2,264,400,658.58","1,728,498,947","1,187,073,252","1,281,725,991","738,067,542","652,550,697","618,526,410","416,468,787","426,519,270","549,648,827","429,311,925","358,807,973","296,947,500","227,422,566"
NormalizedIncome,"5,349,591,026.588","6,879,938,531.452","7,953,008,000","7,257,750,800","6,351,382,400","6,634,334,000","4,558,228,000","3,496,652,000","2,512,626,600","16,163,161,103.414","17,146,854,750.045","16,417,487,419.231","13,033,445,230.918","9,512,373,695.09","6,141,565,980.581","6,270,505,569.284","3,321,213,503.598","2,015,875,397.343","2,546,656,406.188","2,438,958,799.989","2,611,356,556.847","1,728,498,947","1,187,073,252","1,281,725,991","738,067,542","652,550,697","618,526,410","416,468,787","426,519,270","549,648,827","429,311,925","358,807,973","296,947,500","227,422,566"
TotalMoneyMarketInvestments,,,,"1,881,000,000",,"1,392,000,000","2,038,000,000","2,701,000,000","2,693,000,000","3,192,000,000","1,933,085,000",,,"634,415,346.73","616,124,715.78","405,301,728.09","235,603,189.12","295,588,783.92","335,870,464.62","263,045,515.95","179,682,328.18","63,205,044","11,340,378","75,454,470","16,953,217","25,269,084","17,450,844",,,,,,,
ReconciledDepreciation,"2,983,000,000","3,001,000,000","2,425,000,000","2,593,000,000","2,364,000,000","2,418,000,000","2,287,000,000","2,391,000,000","2,189,000,000","2,109,000,000","1,939,984,000","1,596,445,000","1,269,527,000","1,269,878,016.95","1,150,768,964.34","1,020,435,598.93","838,674,518.8",,,,,,,,"424,473,201","398,456,019","232,732,284","179,510,863","200,846,385",,,,,
NetIncomeFromContinuingOperationNetMinorityInterest,"5,006,000,000","6,515,000,000","7,810,000,000","6,619,000,000","6,204,000,000","5,966,000,000","5,842,000,000","4,385,000,000","2,212,000,000","5,375,000,000","8,207,831,000","9,381,190,000","9,345,529,000","8,276,686,156.49","6,206,568,385.15","6,228,894,492.07","3,468,521,197.76","2,606,262,137.66","2,249,209,323.7","2,490,631,764.22","2,264,400,658.58","1,728,498,947","1,187,073,252","1,281,725,991","738,067,542","652,550,697","618,526,410","416,468,787","426,519,270","549,648,827","429,311,925","358,807,973","296,947,500","227,422,566"
TotalUnusualItemsExcludingGoodwill,"-571,000,000","-564,000,000","-218,000,000","-941,000,000","-212,000,000","-870,000,000","1,972,000,000","1,227,000,000","-359,000,000","-13,897,000,000","-11,801,481,000","-7,941,307,000","-4,431,465,000","-1,584,948,862.33","89,024,028.86","-50,897,539.73","169,622,876.88","667,498,937.41","-339,139,151.72","61,350,875.17","-407,302,445.38",,,,,,,,,,,,,
TotalUnusualItems,"-571,000,000","-564,000,000","-218,000,000","-941,000,000","-212,000,000","-870,000,000","1,972,000,000","1,227,000,000","-359,000,000","-13,897,000,000","-11,801,481,000","-7,941,307,000","-4,431,465,000","-1,584,948,862.33","89,024,028.86","-50,897,539.73","169,622,876.88","667,498,937.41","-339,139,151.72","61,350,875.17","-407,302,445.38",,,,,,,,,,,,,
TaxRateForCalcs,"0.398","0.353","0.344","0.321","0.305","0.232","0.349","0.276","0.163","0.224","0.243","0.114","0.168","0.22","0.27","0.182","0.132","0.116","0.123","0.158","0.148","0.24","0.222","0.147","0.261","0.302","0.302","0.362","0.368","0.346","0.4","0.4","0.4","0.4"
TaxEffectOfUnusualItems,"-227,408,973.412","-199,061,468.548","-74,992,000","-302,249,200","-64,617,600","-201,666,000","688,228,000","338,652,000","-58,373,400","-3,108,838,896.586","-2,862,457,249.955","-905,009,580.769","-743,548,769.082","-349,261,323.73","24,021,624.291","-9,286,462.516","22,315,182.718","77,112,197.093","-41,692,069.232","9,677,910.939","-60,346,547.113","0","0","0","0","0","0","0","0","0","0","0","0","0"