name,ttm,03/31/2020,12/31/2019,09/30/2019,06/30/2019,03/31/2019,12/31/2018,09/30/2018,06/30/2018,03/31/2018,12/31/2017,09/30/2017,06/30/2017,03/31/2017,12/31/2016,09/30/2016,06/30/2016,03/31/2016,12/31/2015,09/30/2015,06/30/2015,03/31/2015,12/31/2014,09/30/2014,06/30/2014,03/31/2014,12/31/2013,09/30/2013,06/30/2013,03/31/2013,12/31/2012,09/30/2012,03/31/2012
TotalRevenue,"6,694,652,000","1,751,322,000","1,608,856,000","1,685,331,000","1,649,143,000","1,630,090,000","1,532,804,000","1,557,806,000","1,451,358,000","1,409,577,000","1,342,363,000","1,457,649,000","1,457,745,000","1,459,635,000","1,362,207,000","1,458,032,000","1,482,697,000","1,563,410,000","1,065,642,000","1,692,659,000","1,741,476,000","1,568,616,000","1,447,358,000","1,464,314,000","1,393,677,000","1,298,779,000","1,129,211,000","1,020,371,000","879,494,000","807,724,000","761,800,000","723,425,000","672,607,000"
	OperatingRevenue,"6,694,652,000","1,751,322,000","1,608,856,000","1,685,331,000","1,649,143,000","1,630,090,000","1,532,804,000","1,557,806,000","1,451,358,000","1,409,577,000","1,342,363,000","1,457,649,000","1,457,745,000","1,459,635,000","1,362,207,000","1,458,032,000","1,482,697,000","1,563,410,000","1,065,642,000","1,692,659,000","1,741,476,000","1,568,616,000","1,447,358,000","1,464,314,000","1,393,677,000","1,298,779,000","1,129,211,000","1,020,371,000","879,494,000","807,724,000","761,800,000","723,425,000","672,607,000"
PretaxIncome,"1,010,556,000","-6,445,000","222,276,000","314,694,000","480,031,000","337,267,000","143,633,000","296,822,000","448,645,000","299,610,000","-23,795,000","277,773,000","348,108,000","221,428,000","90,186,000","304,020,000","437,563,000","316,822,000","54,949,000","353,006,000","446,694,000","430,676,000","408,591,000","281,766,000","390,124,000","129,507,000","180,931,000","177,307,000","285,193,000","441,657,000","204,579,000","353,820,000","409,095,000"
TaxProvision,"267,676,000","-2,458,000","76,214,000","82,156,000","111,764,000","89,764,000","39,295,000","64,874,000","114,004,000","57,311,000","-603,911,000","78,385,000","83,433,000","78,001,000","28,911,000","90,473,000","154,218,000","116,129,000","26,270,000","129,106,000","161,230,000","141,426,000","161,558,000","90,397,000","143,643,000","48,041,000","67,005,000","65,486,000","104,129,000","152,798,000","81,349,000","141,261,000","152,662,000"
NetIncomeCommonStockholders,"742,880,000","-3,987,000","146,062,000","232,538,000","368,267,000","247,503,000","104,338,000","231,948,000","334,641,000","242,299,000","580,116,000","199,388,000","264,675,000","143,427,000","61,275,000","213,547,000","283,345,000","200,693,000","28,679,000","223,900,000","285,464,000","289,250,000","247,033,000","191,369,000","246,481,000","81,466,000","113,926,000","111,245,000","181,918,000","290,402,000","119,157,000","168,467,000","254,192,000"
	NetIncome,"742,880,000","-3,987,000","146,062,000","232,538,000","368,267,000","247,503,000","104,338,000","231,948,000","334,641,000","242,299,000","580,116,000","199,388,000","264,675,000","143,427,000","61,275,000","213,547,000","283,345,000","200,693,000","28,679,000","223,900,000","285,464,000","289,250,000","247,033,000","191,369,000","246,481,000","81,466,000","113,926,000","111,245,000","181,918,000","290,402,000","119,157,000","168,467,000","254,192,000"
		NetIncomeIncludingNoncontrollingInterests,"742,880,000","-3,987,000","146,062,000","232,538,000","368,267,000","247,503,000","104,338,000","231,948,000","334,641,000","242,299,000","580,116,000","199,388,000","264,675,000","143,427,000","61,275,000","213,547,000","283,345,000","200,693,000","28,679,000","223,900,000","285,464,000","289,250,000","247,033,000","191,369,000","246,481,000","81,466,000","113,926,000","111,821,000","181,064,000","288,859,000","123,230,000","212,559,000","256,433,000"
			NetIncomeContinuousOperations,"742,880,000","-3,987,000","146,062,000","232,538,000","368,267,000","247,503,000","104,338,000","231,948,000","334,641,000","242,299,000","580,116,000","199,388,000","264,675,000","143,427,000","61,275,000","213,547,000","283,345,000","200,693,000","28,679,000","223,900,000","285,464,000","289,250,000","247,033,000","191,369,000","246,481,000","81,466,000","113,926,000","111,821,000","181,064,000","288,859,000","123,230,000","212,559,000","256,433,000"
		MinorityInterests,,,,,,,,,,,,,,,,,,,,,,,"0","0","0","0","0","-576,000","854,000","1,543,000","-4,073,000","-44,092,000","-2,241,000"
DilutedNIAvailtoComStockholders,"742,880,000","-3,987,000","146,062,000","232,538,000","368,267,000","247,503,000","104,338,000","231,948,000","334,641,000","242,299,000","580,116,000","199,388,000","264,675,000","143,427,000","61,275,000","213,547,000","283,345,000","200,693,000","28,679,000","223,900,000","285,464,000","289,250,000","247,033,000","191,369,000","246,481,000","81,466,000","113,926,000","111,245,000","181,918,000","290,402,000","119,157,000","168,467,000","254,192,000"
BasicEPS,,"-0.01","0.43","0.67","1.05","0.7","0.29","0.64","0.93","0.67","1.61","0.55","0.74","0.4","0.17","0.6","0.79","0.56","0.19","0.63","0.8","0.83","0.71","0.55","0.71","0.23",,"0.32","0.524","0.836",,"0.485","0.732"
DilutedEPS,,"-0.01","0.43","0.67","1.05","0.7","0.29","0.64","0.92","0.67","1.61","0.55","0.74","0.4","0.17","0.59","0.79","0.56","0.19","0.62","0.79","0.81","0.69","0.54","0.69","0.23",,"0.32","0.524","0.836",,"0.485","0.732"
BasicAverageShares,,"334,026,052","340,020,380","345,469,657","351,106,197","351,515,464","356,783,962","360,725,330","361,268,112","360,703,234","360,256,602","359,619,083","359,461,407","359,105,050","358,582,203","358,343,781","358,218,378","357,974,890","357,927,012","357,846,564","355,091,818","349,421,960","348,998,644","348,955,505","348,826,897","348,101,891",,"347,381,088","347,381,088","347,381,088",,"347,381,088","347,381,088"
DilutedAverageShares,,"334,346,122","340,448,254","345,956,043","351,556,349","352,051,887","357,396,989","361,445,223","362,057,614","361,616,732","361,409,997","360,460,353","359,828,690","360,616,032","360,323,179","360,087,749","359,867,806","360,228,272","361,956,163","362,221,918","359,193,738","356,654,466","355,856,631","355,921,570","356,381,921","356,325,036",,"347,381,088","347,381,088","347,381,088",,"347,381,088","347,381,088"
RentExpenseSupplemental,"1,971,014,000","552,912,000","517,467,000","456,193,000","444,442,000","444,019,000","427,662,000","389,076,000","360,335,000","358,683,000","370,537,000","339,581,000","298,224,000","290,171,000","278,229,000","252,730,000","243,140,000","218,779,000","-128,644,000","296,352,000","281,118,000","273,064,000","240,635,000","200,397,000","179,135,000","120,069,000","73,028,000","41,485,000","7,028,000",,,"0",
NetIncomeFromContinuingAndDiscontinuedOperation,"742,880,000","-3,987,000","146,062,000","232,538,000","368,267,000","247,503,000","104,338,000","231,948,000","334,641,000","242,299,000","580,116,000","199,388,000","264,675,000","143,427,000","61,275,000","213,547,000","283,345,000","200,693,000","28,679,000","223,900,000","285,464,000","289,250,000","247,033,000","191,369,000","246,481,000","81,466,000","113,926,000","111,245,000","181,918,000","290,402,000","119,157,000","168,467,000","254,192,000"
NormalizedIncome,"742,880,000","-3,987,000","146,062,000","232,538,000","368,267,000","247,503,000","104,338,000","231,948,000","334,641,000","242,299,000","580,116,000","199,388,000","264,675,000","143,427,000","61,275,000","213,547,000","283,345,000","200,693,000","28,679,000","223,900,000","285,464,000","289,250,000","247,033,000","191,369,000","246,481,000","58,938,994","93,941,048.201","106,400,182","181,918,000","290,402,000","119,157,000","168,467,000","254,192,000"
InterestIncome,"5,135,374,000","1,291,490,000","1,274,503,000","1,290,072,000","1,279,309,000","1,272,757,000","1,251,090,000","1,250,284,000","1,178,446,000","1,133,618,000","1,139,000,000","1,194,248,000","1,237,340,000","1,213,011,000","1,216,710,000","1,237,451,000","1,260,332,000","1,330,203,000","1,350,934,000","1,319,346,000","1,315,292,000","1,216,713,000","1,138,207,000","1,172,185,000","1,150,922,000","1,131,736,000","1,039,954,000","996,088,000","902,067,000","808,893,000","780,148,000","732,149,000","678,420,000"
InterestExpense,"1,351,887,000","338,954,000","333,784,000","342,336,000","336,813,000","343,312,000","317,315,000","300,216,000","287,369,000","253,372,000","241,949,000","253,478,000","233,254,000","227,089,000","207,527,000","194,602,000","183,295,000","169,263,000","148,816,000","146,777,000","137,931,000","128,226,000","124,841,000","120,980,000","114,914,000","115,603,000","108,241,000","104,156,000","87,012,000","77,298,000","75,147,000","83,015,000","76,203,000"
NetInterestIncome,"3,783,487,000","952,536,000","940,719,000","947,736,000","942,496,000","929,445,000","933,775,000","950,068,000","891,077,000","880,246,000","897,051,000","940,770,000","1,004,086,000","985,922,000","1,009,183,000","1,042,849,000","1,077,037,000","1,160,940,000","1,202,118,000","1,172,569,000","1,177,361,000","1,088,487,000","1,013,366,000","1,051,205,000","1,036,008,000","1,016,133,000","931,713,000","891,932,000","815,055,000","731,595,000","705,001,000","649,134,000","602,217,000"
ReconciledDepreciation,"2,094,163,000","578,497,000","548,734,000","488,779,000","478,153,000","472,886,000","457,081,000","435,537,000","383,002,000","392,847,000","389,915,000","370,373,000","326,211,000","317,154,000","306,690,000","276,448,000","246,559,000","265,077,000","-103,188,000","329,862,000","308,876,000","297,521,000","263,565,000","225,530,000","196,744,000","139,158,000","99,180,000","53,474,000","10,155,000","26,114,000","142,216,000",,"61,167,000"
NetIncomeFromContinuingOperationNetMinorityInterest,"742,880,000","-3,987,000","146,062,000","232,538,000","368,267,000","247,503,000","104,338,000","231,948,000","334,641,000","242,299,000","580,116,000","199,388,000","264,675,000","143,427,000","61,275,000","213,547,000","283,345,000","200,693,000","28,679,000","223,900,000","285,464,000","289,250,000","247,033,000","191,369,000","246,481,000","81,466,000","113,926,000","111,245,000","181,918,000","290,402,000","119,157,000","168,467,000","254,192,000"
TotalUnusualItemsExcludingGoodwill,,,,,,,,,,,,,,,,,,,,,,,,,,"35,814,000","31,739,000","7,678,000",,,,"0",
TotalUnusualItems,,,,,,,,,,,,,,,,,,,,,,,,,,"35,814,000","31,739,000","7,678,000",,,,"0",
TaxRateForCalcs,"0.265","0.381","0.343","0.261","0.233","0.266","0.274","0.219","0.254","0.191","0.4","0.282","0.352","0.352","0.321","0.298","0.352","0.367","0.4","0.366","0.364","0.336","0.395","0.321","0.368","0.371","0.37","0.369","0.365","0.346","0.398","0.399","0.373"
TaxEffectOfUnusualItems,"0","0","0","0","0","0","0","0","0","0","0","0","0","0","0","0","0","0","0","0","0","0","0","0","0","13,286,994","11,754,048.201","2,833,182","0","0","0","0","0"