name,ttm,12/31/2019,09/30/2019,06/30/2019,03/31/2019,12/31/2018,09/30/2018,06/30/2018,03/31/2018,12/31/2017,09/30/2017,06/30/2017,03/31/2017,12/31/2016,09/30/2016,06/30/2016,03/31/2016,12/31/2015,09/30/2015,06/30/2015,03/31/2015,12/31/2014,09/30/2014,06/30/2014,03/31/2014,12/31/2013,09/30/2013,06/30/2013,03/31/2013,12/31/2012,09/30/2012,06/30/2012,03/31/2012,12/31/2011,09/30/2011,06/30/2011,03/31/2011,12/31/2010,09/30/2010,06/30/2010,03/31/2010,12/31/2009,09/30/2009,06/30/2009,03/31/2009,12/31/2008,09/30/2008,06/30/2008,03/31/2008,12/31/2007,09/30/2007,06/30/2007,03/31/2007,12/31/2006,09/30/2006,06/30/2006,03/31/2006,12/31/2005,09/30/2005,06/30/2005,03/31/2005,12/31/2004,09/30/2004,06/30/2004,03/31/2004,12/31/2003,09/30/2003,06/30/2003,03/31/2003,09/30/2002,06/30/2002,03/31/2002,12/31/2001,09/30/2001,06/30/2001,03/31/2001,12/31/2000,09/30/2000,06/30/2000,03/31/2000,12/31/1999,09/30/1999
TotalRevenue,"2,162,955,000","593,314,000","561,448,000","533,054,000","475,139,000","573,014,000","557,201,000","537,360,000","440,752,000","503,738,000","443,149,000","358,932,000","278,065,000","313,424,000","274,875,000","243,962,000","198,675,000","256,190,000","226,294,000","213,598,000","184,587,000","211,137,000","198,613,000","187,013,000","171,478,000","197,018,000","184,630,000","157,485,000","125,973,000","139,126,000","152,378,000","131,605,000","106,220,000","133,369,000","130,286,000","118,963,000","100,211,000","109,954,000","108,246,000","99,416,000","85,001,000","98,186,000","96,358,000","90,258,000","73,765,000","101,538,000","105,414,000","91,320,000","71,315,000","70,689,000","64,349,000","59,809,000","51,280,000","56,405,000","56,059,000","53,678,000","46,712,000","51,950,000","49,624,000","46,130,000","45,848,000","56,899,000","52,505,000","49,195,000","41,388,000","38,270,000","31,914,000","25,987,000","18,114,000","10,346,000","8,563,000","7,115,000","6,769,000","6,061,000","5,779,000","6,129,000","7,622,000","7,153,000","5,756,000","3,645,000","2,384,000","2,384,000"
	OperatingRevenue,"2,162,955,000","593,314,000","561,448,000","533,054,000","475,139,000","573,014,000","557,201,000","537,360,000","440,752,000","503,738,000","443,149,000","358,932,000","278,065,000","313,424,000","274,875,000","243,962,000","198,675,000","256,190,000","226,294,000","213,598,000","184,587,000","211,137,000","198,613,000","187,013,000","171,478,000","197,018,000","184,630,000","157,485,000","125,973,000","139,126,000","152,378,000","131,605,000","106,220,000","133,369,000","130,286,000","118,963,000","100,211,000","109,954,000","108,246,000","99,416,000","85,001,000","98,186,000","96,358,000","90,258,000","73,765,000","101,538,000","105,414,000","91,320,000","71,315,000","70,689,000","64,349,000","59,809,000","51,280,000","56,405,000","56,059,000","53,678,000","46,712,000","51,950,000","49,624,000","46,130,000","45,848,000","56,899,000","52,505,000","49,195,000","41,388,000","38,270,000","31,914,000","25,987,000","18,114,000","10,346,000","8,563,000","7,115,000","6,769,000","6,061,000","5,779,000","6,129,000","7,622,000","7,153,000","5,756,000","3,645,000","2,384,000","2,384,000"
CostOfRevenue,"493,428,000","136,242,000","117,352,000","124,311,000","115,523,000","123,045,000","113,815,000","106,473,000","108,707,000","126,670,000","108,571,000","92,324,000","86,572,000","94,558,000","90,327,000","88,917,000","80,894,000","89,054,000","83,017,000","85,992,000","77,317,000","74,384,000","73,784,000","73,642,000","68,531,000","70,053,000","66,514,000","73,140,000","61,357,000","59,761,000","69,438,000","61,622,000","57,111,000","60,733,000","57,142,000","50,622,000","46,851,000","46,449,000","43,734,000","41,356,000","36,871,000","43,441,000","39,731,000","39,988,000","35,132,000","40,718,000","45,255,000","35,152,000","29,210,000","26,752,000","24,465,000","22,629,000","20,856,000","21,657,000","20,048,000","19,660,000","18,045,000","17,758,000","16,080,000","14,335,000","14,934,000","17,933,000","16,855,000","14,297,000","12,526,000","10,662,000","9,562,000","8,106,000","6,107,000","4,081,000","3,549,000","3,418,000","3,497,000","3,144,000","3,308,000","3,657,000","4,244,000","4,144,000","3,177,000","2,620,000","2,123,000",
GrossProfit,"1,669,527,000","457,072,000","444,096,000","408,743,000","359,616,000","449,969,000","443,386,000","430,887,000","332,045,000","377,068,000","334,578,000","266,608,000","191,493,000","218,866,000","184,548,000","155,045,000","117,781,000","167,136,000","143,277,000","127,606,000","107,270,000","136,753,000","124,829,000","113,371,000","102,947,000","126,965,000","118,116,000","84,345,000","64,616,000","79,365,000","82,940,000","69,983,000","49,109,000","72,636,000","73,144,000","68,341,000","53,360,000","63,505,000","64,512,000","58,060,000","48,130,000","54,745,000","56,627,000","50,270,000","38,633,000","60,820,000","60,159,000","56,168,000","42,105,000","43,937,000","39,884,000","37,180,000","30,424,000","34,748,000","36,011,000","34,018,000","28,667,000","34,192,000","33,544,000","31,795,000","30,914,000","38,966,000","35,650,000","34,898,000","28,862,000","27,608,000","22,352,000","17,881,000","12,007,000","6,265,000","5,014,000","3,697,000","3,272,000","2,917,000","2,471,000","2,472,000","3,378,000","3,009,000","2,579,000","1,025,000","261,000",
OperatingExpense,"1,299,248,000","438,416,000","305,427,000","282,718,000","272,687,000","307,224,000","305,400,000","294,708,000","258,756,000","248,418,000","214,297,000","171,930,000","146,526,000","153,999,000","148,216,000","134,225,000","126,330,000","137,549,000","128,589,000","134,431,000","132,498,000","132,890,000","135,681,000","124,046,000","111,671,000","99,539,000","94,925,000","102,540,000","74,466,000","73,788,000","79,151,000","69,810,000","67,196,000","66,672,000","64,056,000","59,689,000","41,835,000","36,471,000","35,970,000","31,982,000","33,541,000","58,161,000","38,344,000","36,656,000","29,912,000","39,346,000","40,077,000","36,569,000","28,679,000","28,264,000","24,729,000","24,495,000","22,923,000","26,552,000","25,592,000","26,386,000","22,040,000","23,293,000","24,363,000","20,357,000","20,924,000","21,413,000","18,791,000","16,081,000","12,771,000","12,210,000","10,772,000","11,099,000","8,726,000","7,065,000","7,183,000","9,036,000","8,908,000","9,515,000","12,175,000","113,332,000","13,810,000","14,808,000","16,144,000","13,901,000","14,240,000",
	SellingGeneralAndAdministration,"926,430,000","342,778,000","214,277,000","190,737,000","178,638,000","221,841,000","213,855,000","210,831,000","173,619,000","169,441,000","143,788,000","108,444,000","92,106,000","99,461,000","92,542,000","80,703,000","73,836,000","85,596,000","74,172,000","82,643,000","80,885,000","82,171,000","86,309,000","76,350,000","67,136,000","62,133,000","58,074,000","61,278,000","43,653,000","45,268,000","50,747,000","43,659,000","42,065,000","45,101,000","44,520,000","45,053,000","31,314,000","26,526,000","27,046,000","23,753,000","23,256,000","44,650,000","30,081,000","28,405,000","22,022,000","30,656,000","30,973,000","28,926,000","22,408,000","22,101,000","18,567,000","18,904,000","17,721,000","19,216,000","20,042,000","20,924,000","16,962,000","18,588,000","19,945,000","15,796,000","16,181,000","17,168,000","14,711,000","13,012,000","10,313,000","9,493,000","8,624,000","8,375,000","6,800,000","5,628,000","5,596,000","5,775,000","5,637,000","5,905,000","8,211,000","9,280,000","9,582,000","10,637,000","11,400,000","9,793,000","10,845,000",
		GeneralAndAdministrativeExpense,"298,441,000","177,411,000","44,854,000","43,016,000","33,160,000","30,633,000","28,377,000","27,242,000","33,932,000","26,421,000","29,443,000","25,036,000","24,023,000","25,166,000","28,366,000","23,808,000","22,134,000","22,745,000","20,830,000","28,659,000","20,634,000","21,102,000","25,355,000","19,406,000","17,176,000","15,668,000","14,271,000","21,159,000","13,629,000","10,580,000","12,308,000","9,188,000","7,321,000","9,088,000","8,264,000","7,173,000","5,596,000","6,296,000","5,914,000","4,169,000","6,206,000","18,221,000","8,324,000","7,287,000","6,193,000",,,,,,,,,,,,,,,,,,,,,,,,,,,,,,,,,,,,,
			OtherGandA,"298,441,000","177,411,000","44,854,000","43,016,000","33,160,000","30,633,000","28,377,000","27,242,000","33,932,000","26,421,000","29,443,000","25,036,000","24,023,000","25,166,000","28,366,000","23,808,000","22,134,000","22,745,000","20,830,000","28,659,000","20,634,000","21,102,000","25,355,000","19,406,000","17,176,000","15,668,000","14,271,000","21,159,000","13,629,000","10,580,000","12,308,000","9,188,000","7,321,000","9,088,000","8,264,000","7,173,000","5,596,000","6,296,000","5,914,000","4,169,000","6,206,000","18,221,000","8,324,000","7,287,000","6,193,000",,,,,,,,,,,,,,,,,,,,,,,,,,,,,,,,,,,,,
		SellingAndMarketingExpense,"627,989,000","165,367,000","169,423,000","147,721,000","145,478,000","191,208,000","185,478,000","183,589,000","139,687,000","143,020,000","114,345,000","83,408,000","68,083,000","74,295,000","64,176,000","56,895,000","51,702,000","62,851,000","53,342,000","53,984,000","60,251,000","61,069,000","60,954,000","56,944,000","49,960,000","46,465,000","43,803,000","40,119,000","30,024,000","34,688,000","38,439,000","34,471,000","34,744,000","36,013,000","36,256,000","37,880,000","25,718,000","20,230,000","21,132,000","19,584,000","17,050,000","26,429,000","21,757,000","21,118,000","15,829,000",,,,,,,,,,,,,,,,,,,,,,,,,,,,,,,,,,,,,
	ResearchAndDevelopment,"372,818,000","95,638,000","91,150,000","91,981,000","94,049,000","85,383,000","91,545,000","83,877,000","85,137,000","78,977,000","70,509,000","63,486,000","54,420,000","54,538,000","55,674,000","53,522,000","52,494,000","51,953,000","54,417,000","51,788,000","51,613,000","50,719,000","49,372,000","47,696,000","44,535,000","37,406,000","36,563,000","41,250,000","30,801,000","28,508,000","28,392,000","26,139,000","25,023,000","21,464,000","19,429,000","14,377,000","10,263,000","9,696,000","8,684,000","7,983,000","7,685,000","10,607,000","7,851,000","7,840,000","7,479,000","8,279,000","8,693,000","7,385,000","6,014,000","5,905,000","5,905,000","5,333,000","4,799,000","4,888,000","5,082,000","4,993,000","4,610,000","4,230,000","3,816,000","3,520,000","3,702,000","3,204,000","3,034,000","2,143,000","1,974,000","1,779,000","1,733,000","1,407,000","1,421,000","1,437,000","1,587,000","1,574,000","1,583,000","1,922,000","2,276,000","2,364,000","2,540,000","2,469,000","2,354,000","2,029,000","1,488,000",
	DepreciationAmortizationDepletionIncomeStatement,,,,,,,,,,,,,,,,,,,,,,,,,,,"288,000","12,000","12,000","12,000","12,000","12,000","108,000","107,000","107,000","259,000","258,000","249,000","240,000","246,000","2,600,000","2,904,000","412,000","411,000","411,000","411,000","411,000","258,000","257,000","-84,000","257,000","429,000","574,000","586,000","640,000","640,000","639,000","646,000","774,000","1,212,000","1,212,000","1,212,000","1,213,000","1,097,000","484,000","586,000","585,000","414,000","505,000",,"0","1,687,000","1,688,000","1,688,000","1,688,000","1,688,000","1,688,000","1,702,000","2,390,000","2,079,000","1,907,000",
		DepreciationAndAmortizationInIncomeStatement,,,,,,,,,,,,,,,,,,,,,,,,,,,"288,000","12,000","12,000","12,000","12,000","12,000","108,000","107,000","107,000","259,000","258,000","249,000","240,000","246,000","2,600,000","2,904,000","412,000","411,000","411,000","411,000","411,000","258,000","257,000","-84,000","257,000","429,000","574,000","586,000","640,000","640,000","639,000","646,000","774,000","1,212,000","1,212,000","1,212,000","1,213,000","1,097,000","484,000","586,000","585,000","414,000","505,000",,"0","1,687,000","1,688,000","1,688,000","1,688,000","1,688,000","1,688,000","1,702,000","2,390,000","2,079,000","1,907,000",
			Amortization,,,,,,,,,,,,,,,,,,,,,,,,,,,"288,000","12,000","12,000","12,000","12,000","12,000","108,000","107,000","107,000","259,000","258,000","249,000","240,000","246,000","2,600,000","2,904,000","412,000","411,000","411,000","411,000","411,000","258,000","257,000","-84,000","257,000","429,000","574,000","586,000","640,000","640,000","639,000","646,000","774,000","1,212,000","1,212,000","1,212,000","1,213,000","1,097,000","484,000","586,000","585,000","414,000","505,000",,"0","1,687,000","1,688,000","1,688,000","1,688,000","1,688,000","1,688,000","1,702,000",,,,
				AmortizationOfIntangiblesIncomeStatement,,,,,,,,,,,,,,,,,,,,,,,,,,,"288,000","12,000","12,000","12,000","12,000","12,000","108,000","107,000","107,000","259,000","258,000","249,000","240,000","246,000","2,600,000","2,904,000","412,000","411,000","411,000","411,000","411,000","258,000","257,000","-84,000","257,000","429,000","574,000","586,000","640,000","640,000","639,000","646,000","774,000","1,212,000","1,212,000","1,212,000","1,213,000","1,097,000","484,000","586,000","585,000","414,000","505,000",,"0","1,687,000","1,688,000","1,688,000","1,688,000","1,688,000","1,688,000","1,702,000",,,,
	OtherOperatingExpenses,,,,,,,,,,,,,,,,,,,,,,,,,,,,,,,,,,,,,,,,,,,,,,,,,,,,"-171,000","-171,000","1,862,000","-172,000","-171,000","-171,000","-171,000","-172,000","-171,000","-171,000","-171,000","-167,000","-171,000",,"352,000","-170,000","903,000",,,,,,,,"100,000,000",,,,,,
OperatingIncome,"370,279,000","18,656,000","138,669,000","126,025,000","86,929,000","142,745,000","137,986,000","136,179,000","73,289,000","128,650,000","120,281,000","94,678,000","44,967,000","64,867,000","36,332,000","20,820,000","-8,549,000","29,587,000","14,688,000","-6,825,000","-25,228,000","3,863,000","-10,852,000","-10,675,000","-8,724,000","27,426,000","23,191,000","-18,195,000","-9,850,000","5,577,000","3,789,000","173,000","-18,087,000","5,964,000","9,088,000","8,652,000","11,525,000","27,034,000","28,542,000","26,078,000","14,589,000","-3,416,000","18,283,000","13,614,000","8,721,000","21,474,000","20,082,000","19,599,000","13,426,000","15,673,000","15,155,000","12,685,000","7,501,000","8,196,000","10,419,000","7,632,000","6,627,000","10,899,000","9,181,000","11,438,000","9,990,000","17,553,000","16,859,000","18,817,000","16,091,000","15,398,000","11,580,000","6,782,000","3,281,000","-800,000","-2,169,000","-5,339,000","-5,636,000","-6,598,000","-9,704,000","-110,860,000","-10,432,000","-11,799,000","-13,565,000","-12,876,000","-13,979,000","2,384,000"
NetNonOperatingInterestIncomeExpense,"51,954,000","3,213,000","19,895,000","15,744,000","13,102,000","8,219,000","17,051,000","20,116,000","17,098,000","11,244,000","11,994,000","8,225,000","11,233,000","6,594,000","6,703,000","6,308,000","6,608,000","4,262,000","5,892,000","6,455,000","5,783,000","7,835,000","11,019,000","8,116,000","1,955,000","4,417,000","6,061,000","5,058,000","4,785,000","4,097,000","4,388,000","4,782,000","3,531,000","951,000","5,826,000","3,884,000","2,692,000","2,255,000","3,355,000","1,601,000","1,593,000","1,475,000","1,848,000","1,715,000","3,080,000",,,,,,,,,,,,,,,,,,,,,,,,,,,,,,,,,,,,,
	InterestIncomeNonOperating,"86,549,000","37,808,000","19,895,000","15,744,000","13,102,000","28,968,000","17,051,000","20,116,000","17,098,000","11,244,000","11,994,000","8,225,000","11,233,000","6,594,000","6,703,000","6,308,000","6,608,000","4,262,000","5,892,000","6,455,000","5,783,000","7,835,000","11,019,000","8,116,000","1,955,000","4,417,000","6,061,000","5,058,000","4,785,000","4,097,000",,,,"951,000","5,826,000",,,,,,"1,593,000","1,475,000","1,848,000",,,,,,,,,,,,,,,,,,,,,,,,,,,,,,,,,,,,,,,
	InterestExpenseNonOperating,"34,595,000"
	TotalOtherFinanceCost,"-64,053,000","-15,312,000","-19,895,000","-15,744,000","-13,102,000","-15,090,000","-17,051,000","-20,116,000","-17,098,000","-11,244,000","-11,994,000","-8,225,000","-11,233,000","-6,594,000","-6,703,000","-6,308,000","-6,608,000","-4,262,000","-5,892,000","-6,455,000","-5,783,000","-7,835,000","-11,019,000","-8,116,000","-1,955,000","-4,417,000","-6,061,000","-5,058,000","-4,785,000","-4,097,000","-4,388,000","-4,782,000","-3,531,000",,,"-3,884,000","-2,692,000","-2,255,000","-3,355,000","-1,601,000",,,,"-1,715,000","-3,080,000",,,,,,,,,,,,,,,,,,,,,,,,,,,,,,,,,,,,,
OtherIncomeExpense,"-167,041,000","-211,654,000","-23,941,000","4,001,000","64,553,000","-33,511,000","49,707,000","-18,923,000","5,454,000","-3,583,000","-896,000","-21,580,000","19,026,000","-17,940,000","136,386,000","28,735,000","17,663,000","-6,368,000","-973,000","16,303,000","2,567,000","56,248,000","133,269,000","8,534,000","-31,847,000","20,132,000","1,594,000","3,139,000","-9,326,000","-6,147,000","3,887,000","29,455,000","-860,000","1,347,000","-349,877,000","-1,283,000",,,"1,570,000","-84,000","9,991,000",,,,,"2,899,000","-779,000","3,137,000",,"-342,000",,"830,000",,"496,000","-589,000","1,844,000","-343,000","1,824,000","-967,000","-2,196,000","-510,000","-768,000","-2,757,000","-756,000","775,000","-6,865,000","-175,000","-1,219,000","-306,000","-311,000","-442,000","300,000","-420,000",,"0",,"-444,000","-450,000","-256,000","-245,000",,
	GainOnSaleOfSecurity,"162,885,000","107,943,000","-25,549,000","-315,000","80,806,000","58,321,000","50,111,000","-16,396,000","7,226,000","-740,000","10,209,000","-16,315,000","15,883,000","22,800,000","130,852,000","34,925,000","28,227,000","-5,570,000","-1,066,000","19,032,000","-1,085,000","53,081,000","128,599,000","20,148,000","-40,569,000","16,623,000","-1,607,000","1,850,000","-10,852,000","-1,770,000",,,"3,061,000",,,,,,,,,,,,,,,,,,,,,,,,,,,,,,,,,,,,,,,,,,,,,,,,,
	EarningsFromEquityInterest,"24,000","10,353,000","1,608,000","4,316,000","-16,253,000","-4,731,000","10,150,000","-2,527,000","-1,772,000","-2,843,000","-11,105,000","-5,265,000","3,143,000","-546,000","5,534,000","-6,190,000","-10,564,000","-798,000","93,000","-2,729,000","3,652,000","3,167,000","4,670,000","2,912,000","8,722,000","3,509,000","3,201,000","1,289,000","1,526,000","-4,377,000","883,000","-3,315,000",,,"176,000","-1,283,000",,,,,,,,,,,,,,,,,,"0","-185,000","-162,000","-343,000","2,259,000","-996,000","-858,000","-566,000","-994,000","-1,082,000","-756,000","-333,000","-117,000","-175,000","-316,000","-306,000","-311,000","-442,000","300,000","-420,000",,"0",,"-444,000","-450,000",,,,
	SpecialIncomeCharges,"-342,049,000","-342,049,000","0",,"0","-93,972,000","-10,554,000",,,"0",,,"0","-40,194,000",,,,"0","0","0",,"0","0","-14,526,000",,"-292,000",,,,,"3,004,000","32,770,000","-3,921,000","2,588,000","-350,053,000",,,,"1,570,000","-84,000","9,991,000","375,047,000","0","0",,"2,899,000","-779,000","3,137,000",,"-342,000",,"830,000",,"496,000","-404,000","2,006,000",,"-435,000","29,000","-1,338,000","56,000","226,000","-1,675,000",,"1,108,000","-6,748,000",,"-903,000",,,,,,,,,,,"-256,000","-245,000",,
		ImpairmentOfCapitalAssets,"0","0","0",,"0","12,691,000","10,554,000",,,"0",,,"0","40,194,000",,,,"0","0","0",,"0","0","14,526,000",,"292,000",,,,,"0",,,"-281,548,000","350,053,000",,,,,,,,,,,,,,,,,,,,,,,,,,,,,,,,,,,,,,,,,,,,,,,
		WriteOff,"342,049,000"
		OtherSpecialCharges,,,,,,,,,,,,,,,,,,,,,,,,,,,,,,,"-3,004,000",,,,,,,,,,,,,,,,,,,,,,,,,,,,,,,,,,,,,,,,,,,,,,,,,,,
	OtherNonOperatingIncomeExpenses,"12,099,000"
PretaxIncome,"255,192,000","-189,785,000","134,623,000","145,770,000","164,584,000","117,453,000","204,744,000","137,372,000","95,841,000","136,311,000","131,379,000","81,323,000","75,226,000","53,521,000","179,421,000","55,863,000","15,722,000","27,481,000","19,607,000","15,933,000","-16,878,000","67,946,000","133,436,000","5,975,000","-38,616,000","51,975,000","30,846,000","-9,998,000","-14,391,000","3,527,000","12,064,000","34,410,000","-15,416,000","9,728,000","-334,963,000","11,253,000","16,565,000","-98,138,000","33,467,000","27,595,000","26,173,000","373,106,000","20,131,000","15,329,000","11,801,000","19,731,000","26,392,000","29,440,000","19,646,000","19,421,000","18,889,000","15,933,000","9,990,000","12,995,000","11,814,000","11,317,000","7,841,000","11,309,000","9,740,000","10,635,000","10,841,000","18,157,000","15,231,000","18,970,000","16,866,000","9,741,000","12,080,000",,,,,,,,,,,,,,,
TaxProvision,"146,465,000","6,580,000","27,930,000","46,720,000","65,235,000","14,347,000","68,129,000","27,858,000","18,750,000","17,160,000","24,555,000","19,135,000","13,826,000","5,438,000","19,050,000","2,747,000","-16,000","5,627,000","4,756,000","3,022,000","-2,985,000","7,004,000","2,656,000","-1,474,000","-1,216,000","6,095,000","5,297,000","3,025,000","185,000","1,379,000","1,592,000","1,033,000","-1,274,000","713,000","1,366,000","1,253,000","1,669,000","1,921,000","2,226,000","2,391,000","1,898,000","1,012,000","3,268,000","1,991,000","2,052,000","1,788,000","4,429,000","4,245,000","3,580,000","1,910,000","1,735,000","1,477,000","1,382,000","1,273,000","1,095,000","878,000","805,000","550,000","647,000","682,000","531,000","724,000","728,000","952,000","824,000","472,000","423,000",,,,,,,,,,,,,,,
EarningsFromEquityInterestNetOfTax,,,,,,,,,,,,,,,,,,,,,,,,,,,,,,,,,,,,,"2,348,000",,,,,,,,,,,,,,,,,,,,,,,,,,,,,,,,,,,,,,,,,,,,,
NetIncomeCommonStockholders,"-70,542,000","-175,446,000","20,397,000","51,424,000","33,083,000","16,377,000","45,439,000","35,052,000","28,694,000","45,364,000","49,291,000","23,390,000","38,524,000","19,922,000","146,518,000","43,327,000","15,320,000","14,553,000","9,766,000","11,668,000","-10,309,000","59,751,000","133,595,000","16,622,000","-33,166,000","44,450,000","25,386,000","-11,533,000","-13,171,000","2,355,000","9,878,000","33,245,000","-13,740,000","9,279,000","-336,338,000","9,960,000","15,007,000","-99,986,000","31,310,000","25,229,000","24,353,000","372,105,000","16,703,000","13,338,000","9,749,000","17,414,000","21,963,000","25,195,000","16,066,000","17,511,000","17,154,000","14,456,000","8,608,000","11,722,000","10,719,000","10,439,000","7,036,000","13,759,000","9,093,000","9,953,000","10,310,000","17,433,000","14,503,000","18,018,000","16,042,000","9,269,000","11,657,000","7,121,000","3,376,000","-559,000","-1,894,000","-3,971,000","-4,933,000","-5,294,000","-8,218,000","-9,010,000","-8,875,000","-10,249,000","-12,123,000","-12,119,000","-13,371,000","-13,371,000"
	NetIncome,"-70,542,000","-175,446,000","20,397,000","51,424,000","33,083,000","16,377,000","45,439,000","35,052,000","28,694,000","45,364,000","49,291,000","23,390,000","38,524,000","19,922,000","146,518,000","43,327,000","15,320,000","14,553,000","9,766,000","11,668,000","-10,309,000","59,751,000","133,595,000","16,622,000","-33,166,000","44,450,000","25,386,000","-11,533,000","-13,171,000","2,355,000","9,878,000","33,245,000","-13,740,000","9,279,000","-336,338,000","9,960,000","15,007,000","-99,986,000","31,310,000","25,229,000","24,353,000","372,105,000","16,703,000","13,338,000","9,749,000","17,414,000","21,963,000","25,195,000","16,066,000","17,511,000","17,154,000","14,456,000","8,608,000","11,722,000","10,719,000","10,439,000","7,036,000","13,759,000","9,093,000","9,953,000","10,310,000","17,433,000","14,503,000","18,018,000","16,042,000","9,269,000","11,657,000","7,121,000","3,376,000","-559,000","-1,894,000","-3,971,000","-4,933,000","-5,294,000","-8,218,000","-9,010,000","-8,875,000","-10,249,000","-12,123,000","-12,119,000","-13,371,000","-13,371,000"
		NetIncomeIncludingNoncontrollingInterests,"108,727,000","-196,365,000","106,693,000","99,050,000","99,349,000","103,106,000","136,615,000","109,514,000","77,091,000","119,151,000","106,824,000","62,188,000","61,400,000","48,083,000","160,371,000","53,116,000","15,738,000","21,854,000","14,851,000","12,911,000","-13,893,000","60,942,000","130,780,000","7,449,000","-37,400,000","45,880,000","25,549,000","-13,023,000","-14,576,000","2,148,000","10,472,000","33,377,000","-14,142,000","9,015,000","-336,329,000","10,000,000","14,896,000","-100,059,000","31,241,000","25,204,000","24,275,000","372,094,000","16,863,000","13,338,000","9,749,000","17,943,000","21,963,000","25,195,000","16,066,000","17,511,000","17,154,000","14,456,000","8,608,000","11,722,000","10,719,000","10,439,000","7,036,000","13,759,000","9,093,000","9,953,000","10,310,000","17,433,000","14,503,000","18,018,000","16,042,000","9,269,000","11,657,000","7,121,000","3,376,000","-559,000","-1,894,000","-3,971,000","-4,933,000","-5,294,000","-8,218,000","-9,010,000","-8,875,000","-10,249,000","-12,123,000","-12,146,000","-13,417,000","-13,371,000"
			NetIncomeContinuousOperations,"108,727,000","-196,365,000","106,693,000","99,050,000","99,349,000","103,106,000","136,615,000","109,514,000","77,091,000","119,151,000","106,824,000","62,188,000","61,400,000","48,083,000","160,371,000","53,116,000","15,738,000","21,854,000","14,851,000","12,911,000","-13,893,000","60,942,000","130,780,000","7,449,000","-37,400,000","45,880,000","25,549,000","-13,023,000","-14,576,000","2,148,000","10,472,000","33,377,000","-14,142,000","9,015,000","-336,329,000","10,000,000","14,896,000","-100,059,000","31,241,000","25,204,000","24,275,000","372,094,000","16,863,000","13,338,000","9,749,000","17,943,000","21,963,000","25,195,000","16,066,000","17,511,000","17,154,000","14,456,000","8,608,000","11,722,000","10,719,000","10,439,000","7,036,000","13,759,000","9,093,000","9,953,000","10,310,000","17,433,000","14,503,000","18,018,000","16,042,000","9,269,000","11,657,000","7,121,000","3,376,000","-559,000","-1,894,000","-3,971,000","-4,933,000","-5,294,000","-8,218,000","-9,010,000","-8,875,000","-10,249,000","-12,123,000","-12,119,000","-13,371,000","-13,371,000"
		MinorityInterests,"-179,269,000","20,919,000","-86,296,000","-47,626,000","-66,266,000","-86,729,000","-91,176,000","-74,462,000","-48,397,000","-73,787,000","-57,533,000","-38,798,000","-22,876,000","-28,161,000","-13,853,000","-9,789,000","-418,000","-7,301,000","-5,085,000","-1,243,000","3,584,000","-1,191,000","2,815,000","9,173,000","4,234,000","-1,430,000","-163,000","1,490,000","1,405,000","207,000","-594,000","-132,000","402,000","264,000","-9,000","-40,000","111,000","73,000","69,000","25,000","78,000","11,000","-160,000",,,,,,,,,,,,,,,,,,,,,,,,,,,,,,,,,,,,"0","27,000","46,000",
AverageDilutionEarnings,"-956,000"
DilutedNIAvailtoComStockholders,"-71,498,000","-176,402,000","20,397,000","51,424,000","33,083,000","14,081,000","45,439,000","35,052,000","28,694,000","45,364,000","49,291,000","23,390,000","38,524,000","19,922,000","146,518,000","43,327,000","15,320,000","14,553,000","9,766,000","11,668,000","-10,309,000","59,751,000","133,595,000","16,622,000","-33,166,000","44,450,000","25,386,000","-11,533,000","-13,171,000","2,355,000","9,878,000","33,245,000","-13,740,000","9,279,000","-336,338,000","9,960,000","15,007,000","-99,986,000","31,310,000","25,229,000","24,353,000","372,105,000","16,703,000","13,338,000","9,749,000","17,414,000","21,963,000","25,195,000","16,066,000","17,511,000","17,154,000","14,456,000","8,608,000","11,722,000","10,719,000","10,439,000","7,036,000","13,759,000","9,093,000","9,953,000","10,310,000","17,433,000","14,503,000","18,018,000","16,042,000","9,269,000","11,657,000","7,121,000","3,376,000","-559,000","-1,894,000","-3,971,000","-4,933,000","-5,294,000","-8,218,000","-9,010,000","-8,875,000","-10,249,000","-12,123,000","-12,119,000","-13,371,000","-13,371,000"
BasicEPS,,"-2.53","0.29","0.74","0.48","0.24","0.66","0.49","0.4","0.63","0.69","0.33","0.54","0.28","2.08","0.62","0.22","0.22","0.17","0.2","-0.18","0.95","2.06","0.25","-0.5","0.62","0.38","-0.17","-0.2","0.04","0.15","0.5","-0.21",,"-5.1","0.15","0.24",,"0.51","0.41","0.4",,"0.31","0.25","0.18",,"0.39","0.45","0.29",,"0.31","0.26","0.16",,"0.2","0.19","0.13",,"0.17","0.19","0.2",,"0.29","0.36","0.33",,"0.24","0.15","0.07","-0.01",,"-0.09","-0.11","-0.13",,"-0.22","-0.22","-0.26",,"-1.41","-0.47","-0.47"
DilutedEPS,,"-2.53","0.28","0.73","0.46","0.22","0.62","0.47","0.38","0.6","0.66","0.31","0.52","0.27","1.9","0.59","0.22","0.21","0.16","0.19","-0.18","0.9","1.91","0.25","-0.52","0.59","0.37","-0.17","-0.2","0.03","0.14","0.49","-0.21",,"-5.1","0.15","0.23",,"0.48","0.38","0.37",,"0.29","0.23","0.17",,"0.36","0.42","0.27",,"0.28","0.25","0.15",,"0.19","0.18","0.12",,"0.16","0.17","0.18",,"0.27","0.31","0.28",,"0.21","0.14","0.07","-0.01",,"-0.09","-0.11","-0.13",,"-0.22","-0.22","-0.26",,"-1.41","-0.47","-0.47"
BasicAverageShares,,"69,449,000","69,936,000","69,709,000","69,461,000","69,235,000","69,332,000","71,210,000","71,440,000","71,516,000","71,468,000","71,197,000","70,959,000","70,981,000","70,420,000","70,047,000","69,857,000","65,272,000","58,512,000","58,417,000","58,753,000","63,017,000","64,963,000","65,806,000","66,034,000","66,548,000","66,918,000","66,814,000","66,687,000","66,585,000","66,496,000","66,337,000","66,185,000",,"65,908,000","65,614,000","62,942,000",,"61,249,000","61,066,000","60,924,000",,"53,884,000","53,783,000","54,414,000",,"55,964,000","55,672,000","55,547,000",,"55,304,000","54,884,000","54,488,000",,"53,690,000","53,554,000","53,438,000",,"53,099,000","52,111,000","51,431,000",,"50,387,000","50,257,000","48,612,121",,"48,570,833","47,661,000","46,774,000","45,671,000",,"45,488,000","45,396,000","40,798,000",,"40,300,000","40,123,000","39,565,000",,"28,307,000","28,307,000","28,448,936"
DilutedAverageShares,,"69,449,000","70,019,000","69,944,000","69,759,000","69,666,000","71,322,000","73,553,000","74,036,000","74,213,000","74,213,000","73,890,000","73,409,000","72,299,000","78,303,000","77,202,000","70,296,000","65,927,000","58,799,000","58,910,000","58,753,000","69,524,000","71,509,000","65,918,000","66,034,000","70,064,000","67,330,000","66,814,000","66,687,000","66,930,000","66,874,000","66,809,000","66,185,000",,"65,908,000","66,848,000","66,659,000",,"65,825,000","65,562,000","65,504,000",,"58,504,000","58,198,000","58,446,000",,"60,639,000","60,669,000","60,239,000",,"60,210,000","59,665,000","59,264,000",,"58,419,000","58,444,000","58,617,000",,"58,774,000","58,783,000","58,502,000",,"53,885,000","58,110,000","57,292,857",,"55,509,524","51,971,000","50,844,000","45,671,000",,"45,488,000","45,396,000","40,798,000",,"40,300,000","40,123,000","39,565,000",,"28,307,000","28,307,000","28,448,936"
TotalOperatingIncomeAsReported,"370,279,000","18,656,000","138,669,000","126,025,000","86,929,000","130,054,000","127,432,000","136,179,000","73,289,000","128,650,000","120,281,000","94,678,000","44,967,000","24,673,000","36,332,000","20,820,000","-8,549,000","29,587,000","14,688,000","-6,825,000","-25,228,000","3,863,000","-10,852,000","-25,201,000","-8,724,000","27,426,000","23,191,000","-18,195,000","-9,850,000","5,577,000","3,789,000","173,000","-18,087,000","5,964,000","-59,803,000","8,652,000","11,525,000","27,034,000","28,542,000","26,078,000","14,589,000","-3,416,000","18,283,000","13,614,000","8,721,000","21,474,000","20,082,000","19,599,000","13,426,000","15,673,000","15,155,000","12,685,000","7,501,000","10,229,000","10,419,000","7,632,000","6,627,000","10,899,000","9,181,000","11,438,000","9,990,000","17,553,000","16,864,000","18,817,000","16,091,000","15,398,000","11,580,000","6,782,000","3,281,000","-800,000","-2,169,000","-5,339,000","-5,636,000","-6,598,000","-9,704,000","-110,860,000","-10,432,000","-11,799,000","-13,565,000","-12,876,000","-13,979,000",
TotalExpenses,"1,792,676,000","574,658,000","422,779,000","407,029,000","388,210,000","430,269,000","419,215,000","401,181,000","367,463,000","375,088,000","322,868,000","264,254,000","233,098,000","248,557,000","238,543,000","223,142,000","207,224,000","226,603,000","211,606,000","220,423,000","209,815,000","207,274,000","209,465,000","197,688,000","180,202,000","169,592,000","161,439,000","175,680,000","135,823,000","133,549,000","148,589,000","131,432,000","124,307,000","127,405,000","121,198,000","110,311,000","88,686,000","82,920,000","79,704,000","73,338,000","70,412,000","101,602,000","78,075,000","76,644,000","65,044,000","80,064,000","85,332,000","71,721,000","57,889,000","55,016,000","49,194,000","47,124,000","43,779,000","48,209,000","45,640,000","46,046,000","40,085,000","41,051,000","40,443,000","34,692,000","35,858,000","39,346,000","35,646,000","30,378,000","25,297,000","22,872,000","20,334,000","19,205,000","14,833,000","11,146,000","10,732,000","12,454,000","12,405,000","12,659,000","15,483,000","116,989,000","18,054,000","18,952,000","19,321,000","16,521,000","16,363,000",
NetIncomeFromContinuingAndDiscontinuedOperation,"-70,542,000","-175,446,000","20,397,000","51,424,000","33,083,000","16,377,000","45,439,000","35,052,000","28,694,000","45,364,000","49,291,000","23,390,000","38,524,000","19,922,000","146,518,000","43,327,000","15,320,000","14,553,000","9,766,000","11,668,000","-10,309,000","59,751,000","133,595,000","16,622,000","-33,166,000","44,450,000","25,386,000","-11,533,000","-13,171,000","2,355,000","9,878,000","33,245,000","-13,740,000","9,279,000","-336,338,000","9,960,000","15,007,000","-99,986,000","31,310,000","25,229,000","24,353,000","372,105,000","16,703,000","13,338,000","9,749,000","17,414,000","21,963,000","25,195,000","16,066,000","17,511,000","17,154,000","14,456,000","8,608,000","11,722,000","10,719,000","10,439,000","7,036,000","13,759,000","9,093,000","9,953,000","10,310,000","17,433,000","14,503,000","18,018,000","16,042,000","9,269,000","11,657,000","7,121,000","3,376,000","-559,000","-1,894,000","-3,971,000","-4,933,000","-5,294,000","-8,218,000","-9,010,000","-8,875,000","-10,249,000","-12,123,000","-12,119,000","-13,371,000","-13,371,000"
NormalizedIncome,"63,831,000","133,500","40,645,393.343","51,638,040.955","-15,694,495.346","47,673,195.125","19,044,675.6","48,123,015.52","22,881,669.515","46,010,842.441","40,990,082.684","35,866,141.067","25,560,181.639","35,548,683.022","29,559,193.104","10,119,397.472","-5,850,250","18,982,488.738","10,573,424.185","-3,754,215.025","-9,415,890.331","12,141,688.164","7,555,721.095","12,405,500","6,125,500.932","29,776,344.589","26,717,039.454","-12,920,500","-5,032,000","3,432,958.605","7,270,416.446","1,458,766.638","-12,951,071.614","6,880,683.799","-73,798,250","9,960,000","15,007,000","-99,986,000","29,844,425.852","25,305,721.725","15,086,522.141","-1,924,735.298","16,703,000","13,338,000","9,749,000","14,777,703.968","22,611,271.332","22,510,328.974","16,066,000","17,819,365.275","17,154,000","13,702,941.568","8,608,000","11,274,588.534","11,085,554.596","8,588,630.291","7,036,000","14,172,844.283","9,065,926.386","11,205,196.897","10,256,742.92","17,216,011.621","16,097,939.597","18,018,000","14,988,132.1","15,690,025.767","11,657,000","7,662,800","3,376,000","-559,000","-1,894,000","-3,971,000","-4,933,000","-5,294,000","-8,218,000","-9,010,000","-8,875,000","-10,249,000","-11,969,400","-11,972,000","-13,371,000","-13,371,000"
InterestIncome,"86,549,000","37,808,000","19,895,000","15,744,000","13,102,000","28,968,000","17,051,000","20,116,000","17,098,000","11,244,000","11,994,000","8,225,000","11,233,000","6,594,000","6,703,000","6,308,000","6,608,000","4,262,000","5,892,000","6,455,000","5,783,000","7,835,000","11,019,000","8,116,000","1,955,000","4,417,000","6,061,000","5,058,000","4,785,000","4,097,000",,,,"951,000","5,826,000",,,,,,"1,593,000","1,475,000","1,848,000",,,,,,,,,,,,,,,,,,,,,,,,,,,,,,,,,,,,,,,
InterestExpense,"34,595,000"
NetInterestIncome,"51,954,000","3,213,000","19,895,000","15,744,000","13,102,000","8,219,000","17,051,000","20,116,000","17,098,000","11,244,000","11,994,000","8,225,000","11,233,000","6,594,000","6,703,000","6,308,000","6,608,000","4,262,000","5,892,000","6,455,000","5,783,000","7,835,000","11,019,000","8,116,000","1,955,000","4,417,000","6,061,000","5,058,000","4,785,000","4,097,000","4,388,000","4,782,000","3,531,000","951,000","5,826,000","3,884,000","2,692,000","2,255,000","3,355,000","1,601,000","1,593,000","1,475,000","1,848,000","1,715,000","3,080,000",,,,,,,,,,,,,,,,,,,,,,,,,,,,,,,,,,,,,
EBIT,"289,787,000","-61,836,000","138,669,000","126,025,000","86,929,000","228,705,000","137,986,000","136,179,000","73,289,000","128,650,000","120,281,000","94,678,000","44,967,000","64,867,000","36,332,000","20,820,000","-8,549,000","29,587,000","14,688,000","-6,825,000","-25,228,000","3,863,000","-10,852,000","-10,675,000","-8,724,000","27,426,000","23,191,000","-18,195,000","-9,850,000","5,577,000","3,789,000","173,000","-18,087,000","5,964,000","9,088,000","8,652,000","11,525,000","27,034,000","28,542,000","26,078,000","14,589,000","-3,416,000","18,283,000","13,614,000","8,721,000","21,474,000","20,082,000","19,599,000","13,426,000","15,673,000","15,155,000","12,685,000","7,501,000","8,196,000","10,419,000","7,632,000","6,627,000","10,899,000","9,181,000","11,438,000","9,990,000","17,553,000","16,859,000","18,817,000","16,091,000","15,398,000","11,580,000","6,782,000","3,281,000","-800,000","-2,169,000","-5,339,000","-5,636,000","-6,598,000","-9,704,000","-110,860,000","-10,432,000","-11,799,000","-13,565,000","-12,876,000","-13,979,000","2,384,000"
EBITDA,"345,553,000"
ReconciledCostOfRevenue,"493,428,000","136,242,000","117,352,000","124,311,000","115,523,000","123,045,000","113,815,000","106,473,000","108,707,000","126,670,000","108,571,000","92,324,000","86,572,000","94,558,000","90,327,000","88,917,000","80,894,000","89,054,000","83,017,000","85,992,000","77,317,000","74,384,000","73,784,000","73,642,000","68,531,000","70,053,000","66,514,000","73,140,000","61,357,000","59,761,000","69,438,000","61,622,000","57,111,000","60,733,000","57,142,000","50,622,000","46,851,000","46,449,000","43,734,000","41,356,000","36,871,000","43,441,000","39,731,000","39,988,000","35,132,000","40,718,000","45,255,000","35,152,000","29,210,000","26,752,000","24,465,000","22,629,000","20,856,000","18,986,000","17,500,000","17,290,000","15,742,000","14,932,000","13,535,000","12,092,000","12,955,000","16,234,000","15,365,000","13,007,000","11,007,000","9,264,000","8,313,000","6,908,000","4,839,000","4,081,000","2,266,000","2,117,000","2,185,000","1,854,000","2,211,000","2,685,000","3,523,000","3,369,000","3,177,000","2,620,000","2,123,000",
ReconciledDepreciation,"55,766,000",,,,,,,,,,,,,,,,,,,,,,,,,,"288,000","12,000","12,000","12,000","12,000","12,000","108,000","107,000","107,000","259,000","258,000","249,000","240,000","246,000","2,600,000","2,904,000","412,000","411,000","411,000","411,000","411,000","258,000","257,000","-84,000","257,000","429,000","574,000","3,257,000","3,188,000","3,010,000","2,942,000","3,472,000","3,319,000","3,455,000","3,191,000","2,911,000","2,703,000","2,387,000","2,003,000","1,984,000","1,834,000","1,612,000","1,773,000","1,157,000","1,283,000","2,988,000","3,000,000","2,978,000","2,785,000","2,660,000","2,409,000","2,477,000","2,390,000","2,079,000","1,907,000",
NetIncomeFromContinuingOperationNetMinorityInterest,"-70,542,000","-175,446,000","20,397,000","51,424,000","33,083,000","16,377,000","45,439,000","35,052,000","28,694,000","45,364,000","49,291,000","23,390,000","38,524,000","19,922,000","146,518,000","43,327,000","15,320,000","14,553,000","9,766,000","11,668,000","-10,309,000","59,751,000","133,595,000","16,622,000","-33,166,000","44,450,000","25,386,000","-11,533,000","-13,171,000","2,355,000","9,878,000","33,245,000","-13,740,000","9,279,000","-336,338,000","9,960,000","15,007,000","-99,986,000","31,310,000","25,229,000","24,353,000","372,105,000","16,703,000","13,338,000","9,749,000","17,414,000","21,963,000","25,195,000","16,066,000","17,511,000","17,154,000","14,456,000","8,608,000","11,722,000","10,719,000","10,439,000","7,036,000","13,759,000","9,093,000","9,953,000","10,310,000","17,433,000","14,503,000","18,018,000","16,042,000","9,269,000","11,657,000","7,121,000","3,376,000","-559,000","-1,894,000","-3,971,000","-4,933,000","-5,294,000","-8,218,000","-9,010,000","-8,875,000","-10,249,000","-12,123,000","-12,119,000","-13,371,000","-13,371,000"
TotalUnusualItemsExcludingGoodwill,"-179,164,000","-234,106,000","-25,549,000","-315,000","80,806,000","-35,651,000","39,557,000","-16,396,000","7,226,000","-740,000","10,209,000","-16,315,000","15,883,000","-17,394,000","130,852,000","34,925,000","28,227,000","-5,570,000","-1,066,000","19,032,000","-1,085,000","53,081,000","128,599,000","5,622,000","-40,569,000","16,623,000","-1,607,000","1,850,000","-10,852,000","-1,770,000","3,004,000","32,770,000","-860,000","2,588,000","-350,053,000",,,,"1,570,000","-84,000","9,991,000","375,047,000","0","0",,"2,899,000","-779,000","3,137,000",,"-342,000",,"830,000",,"496,000","-404,000","2,006,000",,"-435,000","29,000","-1,338,000","56,000","226,000","-1,675,000",,"1,108,000","-6,748,000",,"-903,000",,,,,,,,,,,"-256,000","-245,000",,
TotalUnusualItems,"-179,164,000","-234,106,000","-25,549,000","-315,000","80,806,000","-35,651,000","39,557,000","-16,396,000","7,226,000","-740,000","10,209,000","-16,315,000","15,883,000","-17,394,000","130,852,000","34,925,000","28,227,000","-5,570,000","-1,066,000","19,032,000","-1,085,000","53,081,000","128,599,000","5,622,000","-40,569,000","16,623,000","-1,607,000","1,850,000","-10,852,000","-1,770,000","3,004,000","32,770,000","-860,000","2,588,000","-350,053,000",,,,"1,570,000","-84,000","9,991,000","375,047,000","0","0",,"2,899,000","-779,000","3,137,000",,"-342,000",,"830,000",,"496,000","-404,000","2,006,000",,"-435,000","29,000","-1,338,000","56,000","226,000","-1,675,000",,"1,108,000","-6,748,000",,"-903,000",,,,,,,,,,,"-256,000","-245,000",,
NormalizedEBITDA,"524,717,000","172,270,000","164,218,000","126,340,000","6,123,000","264,356,000","98,429,000","152,575,000","66,063,000","129,390,000","110,072,000","110,993,000","29,084,000","82,261,000","-94,520,000","-14,105,000","-36,776,000","35,157,000","15,754,000","-25,857,000","-24,143,000","-49,218,000","-139,451,000","-16,297,000","31,845,000","10,803,000","25,086,000","-20,033,000","1,014,000","7,359,000","797,000","-32,585,000","-17,119,000","3,483,000","359,248,000","8,911,000","11,783,000","27,283,000","27,212,000","26,408,000","7,198,000","-375,559,000","18,695,000","14,025,000","9,132,000","18,986,000","21,272,000","16,720,000","13,683,000","16,015,000","15,412,000","12,284,000","8,075,000","10,957,000","14,011,000","8,636,000","9,569,000","14,806,000","12,471,000","16,231,000","13,125,000","20,238,000","21,237,000","21,204,000","16,986,000","24,130,000","13,414,000","9,297,000","5,054,000","357,000","-886,000","-2,351,000","-2,636,000","-3,620,000","-6,919,000","-108,200,000","-8,023,000","-9,322,000","-10,919,000","-10,552,000","-12,072,000","2,384,000"
TaxRateForCalcs,"0.25","0.25","0.207","0.321","0.396","0.122","0.333","0.203","0.196","0.126","0.187","0.235","0.184","0.102","0.106","0.049","0.25","0.205","0.243","0.19","0.177","0.103","0.02","0.25","0.031","0.117","0.172","0.25","0.25","0.391","0.132","0.03","0.083","0.073","0.25","0.111","0.101","0.25","0.067","0.087","0.073","0.003","0.162","0.13","0.174","0.091","0.168","0.144","0.182","0.098","0.092","0.093","0.138","0.098","0.093","0.078","0.103","0.049","0.066","0.064","0.049","0.04","0.048","0.05","0.049","0.048","0.035","0.4","0.4","0.4","0.4","0.4","0.4","0.4","0.4","0.4","0.4","0.4","0.4","0.4","0.4","0.4"
TaxEffectOfUnusualItems,"-44,791,000","-58,526,500","-5,300,606.657","-100,959.045","32,028,504.654","-4,354,804.875","13,162,675.6","-3,324,984.48","1,413,669.515","-93,157.559","1,908,082.684","-3,838,858.933","2,919,181.639","-1,767,316.978","13,893,193.104","1,717,397.472","7,056,750","-1,140,511.262","-258,575.815","3,609,784.975","-191,890.331","5,471,688.164","2,559,721.095","1,405,500","-1,277,499.068","1,949,344.589","-275,960.546","462,500","-2,713,000","-692,041.395","396,416.446","983,766.638","-71,071.614","189,683.799","-87,513,250","0","0","0","104,425.852","-7,278.275","724,522.141","1,017,264.702","0","0","0","262,703.968","-130,728.668","452,328.974","0","-33,634.725","0","76,941.568","0","48,588.534","-37,445.404","155,630.291","0","-21,155.717","1,926.386","-85,803.103","2,742.92","9,011.621","-80,060.403","0","54,132.1","-326,974.233","0","-361,200","0","0","0","0","0","0","0","0","0","0","-102,400","-98,000","0","0"