name,ttm,12/31/2019,12/31/2018,12/31/2017,12/31/2016,12/31/2015,12/31/2014,12/31/2013,12/31/2012,12/31/2011,12/31/2010,12/31/2009,12/31/2008,12/31/2007,12/31/2006,12/31/2005,12/31/2004,12/31/2003,06/30/2002,06/30/2001,06/30/2000,06/30/1999,06/30/1998
TotalRevenue,"2,162,955,000","2,162,955,000","2,108,327,000","1,583,884,000","1,030,936,000","880,669,000","768,241,000","665,106,000","529,329,000","482,829,000","402,617,000","358,567,000","369,587,000","246,127,000","212,854,000","193,552,000","199,987,000","114,285,000","28,508,000","26,683,000","14,170,000","2,827,000","2,499,000"
	OperatingRevenue,"2,162,955,000","2,162,955,000","2,108,327,000","1,583,884,000","1,030,936,000","880,669,000","768,241,000","665,106,000","529,329,000","482,829,000","402,617,000","358,567,000","369,587,000","246,127,000","212,854,000","193,552,000","199,987,000","114,285,000","28,508,000","26,683,000","14,170,000","2,827,000","2,499,000"
CostOfRevenue,"493,428,000","493,428,000","452,040,000","414,137,000","354,696,000","335,380,000","290,341,000","271,064,000","247,932,000","215,348,000","168,410,000","158,292,000","150,335,000","94,702,000","79,410,000","63,107,000","61,611,000","34,437,000","13,608,000","15,354,000","10,044,000","2,193,000","674,000"
GrossProfit,"1,669,527,000","1,669,527,000","1,656,287,000","1,169,747,000","676,240,000","545,289,000","477,900,000","394,042,000","281,397,000","267,481,000","234,207,000","200,275,000","219,252,000","151,425,000","133,444,000","130,445,000","138,376,000","79,848,000","14,900,000","11,329,000","4,126,000","634,000","1,825,000"
OperatingExpense,"1,299,248,000","1,299,248,000","1,166,088,000","781,171,000","562,770,000","533,067,000","504,288,000","371,470,000","289,945,000","232,252,000","137,964,000","163,073,000","144,671,000","100,411,000","100,570,000","88,937,000","69,051,000","42,807,000","34,642,000","54,122,000","58,528,000","10,419,000","2,058,000"
	SellingGeneralAndAdministration,"926,430,000","926,430,000","820,146,000","513,779,000","346,542,000","323,296,000","311,966,000","225,138,000","181,739,000","165,988,000","100,581,000","125,158,000","112,963,000","77,293,000","77,144,000","70,510,000","55,204,000","33,292,000","22,913,000","37,709,000","42,887,000","6,850,000","1,563,000"
		GeneralAndAdministrativeExpense,"298,441,000","298,441,000","120,184,000","104,923,000","99,474,000","92,868,000","83,039,000","64,727,000","39,397,000","30,121,000","22,585,000","40,025,000","33,179,000",,,,,,,,,,
			OtherGandA,"298,441,000","298,441,000","120,184,000","104,923,000","99,474,000","92,868,000","83,039,000","64,727,000","39,397,000","30,121,000","22,585,000","40,025,000","33,179,000",,,,,,,,,,
		SellingAndMarketingExpense,"627,989,000","627,989,000","699,962,000","408,856,000","247,068,000","230,428,000","228,927,000","160,411,000","142,342,000","135,867,000","77,996,000","85,133,000","79,784,000",,,,,,,,,,
	ResearchAndDevelopment,"372,818,000","372,818,000","345,942,000","267,392,000","216,228,000","209,771,000","192,322,000","146,332,000","108,062,000","65,533,000","34,048,000","33,777,000","30,371,000","21,942,000","19,573,000","15,268,000","10,355,000","6,340,000","6,666,000","9,648,000","7,358,000","1,512,000","452,000"
	DepreciationAmortizationDepletionIncomeStatement,,,,,,,,,"144,000","731,000","3,335,000","4,138,000","1,337,000","1,176,000","2,505,000","3,844,000","4,177,000","2,090,000","5,063,000","6,765,000","8,283,000","2,057,000",
		DepreciationAndAmortizationInIncomeStatement,,,,,,,,,"144,000","731,000","3,335,000","4,138,000","1,337,000","1,176,000","2,505,000","3,844,000","4,177,000","2,090,000","5,063,000","6,765,000","8,283,000","2,057,000",
			Amortization,,,,,,,,,"144,000","731,000","3,335,000","4,138,000","1,337,000","1,176,000","2,505,000","3,844,000","4,177,000","2,090,000","5,063,000","6,765,000",,,
				AmortizationOfIntangiblesIncomeStatement,,,,,,,,,"144,000","731,000","3,335,000","4,138,000","1,337,000","1,176,000","2,505,000","3,844,000","4,177,000","2,090,000","5,063,000","6,765,000",,,
	OtherOperatingExpenses,,,,,,,,,,,,,,,"1,348,000","-685,000","-685,000","1,085,000",,,,,"43,000"
OperatingIncome,"370,279,000","370,279,000","490,199,000","388,576,000","113,470,000","12,222,000","-26,388,000","22,572,000","-8,548,000","35,229,000","96,243,000","37,202,000","74,581,000","51,014,000","32,874,000","41,508,000","69,325,000","37,041,000","-19,742,000","-42,793,000","-54,402,000","-9,785,000","-233,000"
NetNonOperatingInterestIncomeExpense,"51,954,000","51,954,000","62,484,000","38,593,000","24,906,000","27,212,000","30,330,000","17,283,000","17,037,000","13,739,000","8,804,000","8,379,000","15,371,000",,,,,,,,,,
	InterestIncomeNonOperating,"86,549,000","86,549,000","83,233,000","38,593,000","24,906,000","27,212,000","30,330,000","17,283,000","17,037,000","13,739,000",,"8,379,000","15,371,000",,,,,,,,,,
	InterestExpenseNonOperating,"34,595,000","34,595,000","20,749,000",,,,,,,,,,,,,,,,,,,,
	TotalOtherFinanceCost,"-64,053,000","-64,053,000","-69,355,000","-42,696,000","-26,213,000","-22,392,000","-28,925,000","-18,792,000","-16,798,000","-16,327,000","-8,804,000",,,,,,,,,,,,
OtherIncomeExpense,"-167,041,000","-167,041,000","2,727,000","-2,930,000","166,151,000","6,709,000","164,799,000","18,577,000","26,096,000","-347,851,000","-128,554,000","375,047,000","5,257,000","488,000","1,196,000","-1,849,000","-4,555,000","-8,565,000","-562,000","-894,000","-501,000",,
	GainOnSaleOfSecurity,"162,885,000","162,885,000","99,262,000","132,007,000","261,237,000","19,790,000","180,852,000","13,677,000","55,563,000",,,"375,055,000",,,,,,,,,,,
	EarningsFromEquityInterest,"24,000","24,000","1,120,000","-16,070,000","-11,766,000","218,000","19,471,000","9,525,000","-10,730,000",,,,,,"-690,000","-161,000","-3,165,000","-914,000","-562,000","-894,000",,,
	SpecialIncomeCharges,"-342,049,000","-342,049,000","-104,526,000","-122,970,000","-84,627,000","-8,479,000","-34,119,000","-6,134,000","-18,498,000","-347,851,000","-128,554,000","375,047,000","5,257,000","488,000","1,886,000","-1,688,000","-1,390,000","-7,651,000",,,"-501,000",,
		RestructuringAndMergernAcquisition,,,,,,,,,,,,,,,"-2,033,000",,,,,,,,
		ImpairmentOfCapitalAssets,"0","0","23,245,000","0","40,194,000","0","14,526,000","0","0","68,891,000",,,,,,,,,,,,,
		WriteOff,"342,049,000","342,049,000","81,281,000","122,970,000","44,433,000","8,479,000","19,593,000","6,134,000","18,498,000",,,,,,,,,,,,,,
		OtherSpecialCharges,,,,,,,,,,"278,960,000",,"8,000","-2,899,000",,"147,000",,,,,,,,
		GainOnSaleOfBusiness,,,,,,,,,,,"-128,554,000","375,055,000","2,358,000",,,,,,,,,,
	OtherNonOperatingIncomeExpenses,"12,099,000","12,099,000","6,871,000","4,103,000","1,307,000","-4,820,000","-1,405,000","1,509,000","-239,000",,,,,,,,,,,,,,
PretaxIncome,"255,192,000","255,192,000","555,410,000","424,239,000","304,527,000","46,143,000","168,741,000","58,432,000","34,585,000","-297,417,000","-10,903,000","420,628,000","95,209,000","64,233,000","43,967,000","42,525,000","69,224,000","32,318,000",,,,,
TaxProvision,"146,465,000","146,465,000","129,084,000","74,676,000","27,219,000","10,420,000","6,970,000","14,602,000","2,730,000","5,001,000","8,436,000","8,323,000","14,042,000","6,504,000","4,051,000","2,410,000","3,228,000","895,000",,,,,
EarningsFromEquityInterestNetOfTax,,,,,,,,,,"1,466,000","12,604,000",,,,,,,,,,,,
NetIncomeCommonStockholders,"-70,542,000","-70,542,000","125,562,000","156,569,000","225,087,000","25,678,000","176,802,000","45,132,000","31,738,000","-302,092,000","-19,094,000","411,895,000","80,638,000","57,729,000","39,916,000","43,115,000","65,996,000","31,423,000","-16,092,000","-36,351,000","-50,983,000","-9,296,000","-253,000"
	NetIncome,"-70,542,000","-70,542,000","125,562,000","156,569,000","225,087,000","25,678,000","176,802,000","45,132,000","31,738,000","-302,092,000","-19,094,000","411,895,000","80,638,000","57,729,000","39,916,000","43,115,000","65,996,000","31,423,000","-16,092,000","-36,351,000","-50,983,000","-9,296,000","-253,000"
		NetIncomeIncludingNoncontrollingInterests,"108,727,000","108,727,000","426,326,000","349,563,000","277,308,000","35,723,000","161,771,000","43,830,000","31,855,000","-302,418,000","-19,339,000","412,305,000","81,167,000","57,729,000","39,916,000","43,115,000","65,996,000","31,423,000","-16,092,000","-36,351,000","-51,102,000","-9,343,000","-253,000"
			NetIncomeContinuousOperations,"108,727,000","108,727,000","426,326,000","349,563,000","277,308,000","35,723,000","161,771,000","43,830,000","31,855,000","-302,418,000","-19,339,000","412,305,000","81,167,000","57,729,000","39,916,000","43,115,000","65,996,000","31,423,000","-16,092,000","-36,351,000","-50,983,000","-9,296,000","-253,000"
		MinorityInterests,"-179,269,000","-179,269,000","-300,764,000","-192,994,000","-52,221,000","-10,045,000","15,031,000","1,302,000","-117,000","326,000","245,000","-410,000","-529,000",,,,,,,,"119,000","47,000",
AverageDilutionEarnings,"-956,000","-956,000","-2,296,000","-2,384,000","8,556,000","-1,490,000","11,433,000","-959,000","-555,000",,,,,,,,,,,,,,
DilutedNIAvailtoComStockholders,"-71,498,000","-71,498,000","123,266,000","154,185,000","233,643,000","24,188,000","188,235,000","44,173,000","31,183,000","-302,092,000","-19,094,000","411,895,000","80,638,000","57,729,000","39,916,000","43,115,000","65,996,000","31,423,000","-16,092,000","-36,351,000","-50,983,000","-9,296,000","-253,000"
BasicEPS,,,"1.79","2.2","3.2","0.43","2.72","0.68","0.48","-4.64","-0.31","7.53","1.44","1.05","0.74","0.82","1.33","0.66","-0.36","-0.91","-3.44","-0.72","-0.051"
DilutedEPS,,,"1.7","2.09","3.01","0.4","2.63","0.66","0.47","-4.64","-0.31","6.95","1.33","0.97","0.69","0.75","1.15","0.58","-0.36","-0.91","-3.44","-0.72","-0.051"
BasicAverageShares,,,"70,296,000","71,284,000","70,301,000","60,237,000","64,950,000","66,741,000","66,401,000","65,121,000","61,216,000","54,722,000","55,821,000","55,038,000","53,696,000","52,485,000","50,274,000","47,518,000","44,315,000","40,110,000","28,307,000","12,837,000","4,962,000"
DilutedAverageShares,,,"72,375,000","73,931,000","77,511,000","60,648,000","71,565,000","67,087,000","66,849,000","65,121,000","65,908,000","59,259,000","60,474,000","60,020,000","58,549,000","58,792,000","58,204,000","54,794,000","44,315,000","40,110,000","28,307,000","12,837,000","4,962,000"
TotalOperatingIncomeAsReported,"370,279,000","370,279,000","466,954,000","388,576,000","73,276,000","12,222,000","-40,914,000","22,572,000","-8,548,000","-33,662,000","96,243,000","37,202,000","74,581,000","51,014,000","34,907,000","41,508,000","69,325,000","37,041,000","-19,742,000","-42,793,000","-54,402,000","-9,785,000","-233,000"
TotalExpenses,"1,792,676,000","1,792,676,000","1,618,128,000","1,195,308,000","917,466,000","868,447,000","794,629,000","642,534,000","537,877,000","447,600,000","306,374,000","321,365,000","295,006,000","195,113,000","179,980,000","152,044,000","130,662,000","77,244,000","48,250,000","69,476,000","68,572,000","12,612,000","2,732,000"
NetIncomeFromContinuingAndDiscontinuedOperation,"-70,542,000","-70,542,000","125,562,000","156,569,000","225,087,000","25,678,000","176,802,000","45,132,000","31,738,000","-302,092,000","-19,094,000","411,895,000","80,638,000","57,729,000","39,916,000","43,115,000","65,996,000","31,423,000","-16,092,000","-36,351,000","-50,983,000","-9,296,000","-253,000"
NormalizedIncome,"63,831,000","63,831,000","129,602,582.748","149,122,723.653","64,262,620.29","16,921,247.015","36,129,939.606","39,473,975.459","-2,401,238.832","-41,203,750","-19,094,000","44,269,085.094","76,156,334.202","57,290,413.105","38,203,770.919","44,707,336.743","67,321,182.596","38,862,116.684","-16,092,000","-36,351,000","-50,682,400","-9,296,000","-253,000"
InterestIncome,"86,549,000","86,549,000","83,233,000","38,593,000","24,906,000","27,212,000","30,330,000","17,283,000","17,037,000","13,739,000",,"8,379,000","15,371,000",,,,,,,,,,
InterestExpense,"34,595,000","34,595,000","20,749,000",,,,,,,,,,,,,,,,,,,,
NetInterestIncome,"51,954,000","51,954,000","62,484,000","38,593,000","24,906,000","27,212,000","30,330,000","17,283,000","17,037,000","13,739,000","8,804,000","8,379,000","15,371,000",,,,,,,,,,
EBIT,"289,787,000","289,787,000","576,159,000","388,576,000","113,470,000","12,222,000","-26,388,000","22,572,000","-8,548,000","35,229,000","96,243,000","37,202,000","74,581,000","51,014,000","32,874,000","41,508,000","69,325,000","37,041,000","-19,742,000","-42,793,000","-54,402,000","-9,785,000","-233,000"
EBITDA,"345,553,000"
ReconciledCostOfRevenue,"493,428,000","493,428,000","452,040,000","414,137,000","354,696,000","335,380,000","290,341,000","271,064,000","218,384,000","195,111,000","154,801,000","142,755,000","134,067,000","81,328,000","69,518,000","53,514,000","55,784,000","29,324,000","8,422,000","11,788,000","10,044,000","2,193,000","674,000"
ReconciledDepreciation,"55,766,000","55,766,000","41,232,000","33,202,000","28,468,000","36,782,000","45,270,000","35,037,000","29,692,000","20,968,000","16,944,000","19,675,000","17,605,000","14,550,000","12,397,000","13,437,000","10,004,000","7,203,000","10,249,000","10,331,000","8,283,000","2,057,000","43,000"
NetIncomeFromContinuingOperationNetMinorityInterest,"-70,542,000","-70,542,000","125,562,000","156,569,000","225,087,000","25,678,000","176,802,000","45,132,000","31,738,000","-302,092,000","-19,094,000","411,895,000","80,638,000","57,729,000","39,916,000","43,115,000","65,996,000","31,423,000","-16,092,000","-36,351,000","-50,983,000","-9,296,000","-253,000"
TotalUnusualItemsExcludingGoodwill,"-179,164,000","-179,164,000","-5,264,000","9,037,000","176,610,000","11,311,000","146,733,000","7,543,000","37,065,000","-347,851,000","-128,554,000","375,047,000","5,257,000","488,000","1,886,000","-1,688,000","-1,390,000","-7,651,000",,,"-501,000",,
TotalUnusualItems,"-179,164,000","-179,164,000","-5,264,000","9,037,000","176,610,000","11,311,000","146,733,000","7,543,000","37,065,000","-347,851,000","-128,554,000","375,047,000","5,257,000","488,000","1,886,000","-1,688,000","-1,390,000","-7,651,000",,,"-501,000",,
NormalizedEBITDA,"524,717,000","524,717,000","622,655,000","412,741,000","-34,672,000","37,693,000","-127,851,000","50,066,000","-15,921,000","404,048,000","113,187,000","-318,170,000","86,929,000","65,076,000","43,385,000","56,633,000","80,719,000","51,895,000","-9,493,000","-32,462,000","-45,618,000","-7,728,000","-190,000"
TaxRateForCalcs,"0.25","0.25","0.232","0.176","0.089","0.226","0.041","0.25","0.079","0.25","0.25","0.02","0.147","0.101","0.092","0.057","0.047","0.028","0.4","0.4","0.4","0.4","0.4"
TaxEffectOfUnusualItems,"-44,791,000","-44,791,000","-1,223,417.252","1,590,723.653","15,785,620.29","2,554,247.015","6,060,939.606","1,884,975.459","2,925,761.168","-86,962,750","0","7,421,085.094","775,334.202","49,413.105","173,770.919","-95,663.257","-64,817.404","-211,883.316","0","0","-200,400","0","0"