name,ttm,12/31/2019,09/30/2019,06/30/2019,03/31/2019,12/31/2018,09/30/2018,06/30/2018,03/31/2018,12/31/2017,09/30/2017,06/30/2017,03/31/2017,12/31/2016,09/30/2016,06/30/2016,03/31/2016,12/31/2015,09/30/2015,06/30/2015,03/31/2015,12/31/2014,09/30/2014,06/30/2014,03/31/2014,12/31/2013,09/30/2013,06/30/2013,03/31/2013,12/31/2012,09/30/2012,06/30/2012,03/31/2012,12/31/2011,09/30/2011,06/30/2011,03/31/2011,12/31/2010,09/30/2010,06/30/2010,03/31/2010,12/31/2009,09/30/2009,06/30/2009,03/31/2009,12/31/2008,09/30/2008,06/30/2008,03/31/2008,12/31/2007,09/30/2007,06/30/2007,03/31/2007,12/31/2006,09/30/2006,06/30/2006,03/31/2006,12/31/2005,09/30/2005,06/30/2005,03/31/2005,12/31/2004,09/30/2004,06/30/2004,03/31/2004,12/31/2003,09/30/2003,06/30/2003,03/31/2003,12/31/2002,09/30/2002,06/30/2002,03/31/2002,12/31/2001,09/30/2001,06/30/2001,03/31/2001,12/31/2000,09/30/2000,06/30/2000,03/31/2000,12/31/1999,09/30/1999,06/30/1999,03/31/1999,12/31/1998,09/30/1998,06/30/1998,03/31/1998
TotalRevenue,"17,743,702,000,000","9,172,227,000,000","2,911,550,000,000","4,437,029,000,000","4,334,906,000,000","4,351,707,000,000","4,186,392,000,000","4,154,324,000,000","4,181,537,000,000","4,497,316,000,000","4,442,739,000,000","4,345,593,000,000","4,234,365,000,000","4,352,260,000,000","4,243,804,000,000","4,267,289,000,000","4,228,463,000,000","4,379,349,000,000","4,261,360,000,000","4,255,739,000,000","4,240,286,000,000","4,289,026,000,000","4,367,484,000,000","4,305,368,000,000","4,201,920,000,000","4,294,841,000,000","4,124,594,000,000","4,164,223,000,000","4,112,637,000,000","4,197,388,000,000","4,125,516,000,000","4,015,277,000,000","3,985,569,000,000","3,973,663,000,000","4,065,138,000,000","4,040,953,000,000","3,908,861,000,000","6,147,808,000,000","3,180,747,000,000","3,088,572,000,000","3,018,246,000,000","5,554,384,000,000","3,056,721,000,000","3,067,899,000,000","2,876,461,000,000","5,353,140,000,000","2,899,562,000,000","2,931,263,000,000",,"3,250,256,402,915.74","2,924,902,984,349.52","2,899,282,993,402.62","2,877,972,390,467.58","2,425,471,762,111.92","2,722,734,744,119.64","2,762,230,779,892.98","2,762,357,988,255.6","2,297,436,580,353.89","2,770,267,233,687.44","2,653,916,000,000","2,653,916,000,000","2,019,777,785,970","3,154,444,441,290","2,518,888,886,370","2,536,666,664,130","4,645,833,339,460","3,792,222,218,430","2,626,772,500,000","2,626,771,250,000","1,955,352,163,200","2,456,163,750,000","2,456,163,750,000","2,606,009,289,813.45","2,118,541,270,485.36","2,085,653,135,688.28","2,066,717,248,381.54","2,116,120,852,578.75","2,508,153,492,993","1,632,881,825,704","1,632,881,825,704","1,620,237,831,469.55","860,597,128,019.11","1,189,211,676,715.32","1,131,402,780,312.12","1,102,065,392,963.04","865,334,898,932","865,334,898,932","865,334,898,932","865,334,898,932"
	OperatingRevenue,"17,743,702,000,000","9,172,227,000,000","2,911,550,000,000","4,437,029,000,000","4,334,906,000,000","4,351,707,000,000","4,186,392,000,000","4,154,324,000,000","4,181,537,000,000","4,497,316,000,000","4,442,739,000,000","4,345,593,000,000","4,234,365,000,000","4,352,260,000,000","4,243,804,000,000","4,267,289,000,000","4,228,463,000,000","4,379,349,000,000","4,261,360,000,000","4,255,739,000,000","4,240,286,000,000","4,289,026,000,000","4,367,484,000,000","4,305,368,000,000","4,201,920,000,000","4,294,841,000,000","4,124,594,000,000","4,164,223,000,000","4,112,637,000,000","4,197,388,000,000","4,125,516,000,000","4,007,863,000,000","3,970,983,000,000","4,039,514,000,000","4,018,905,000,000","4,029,134,000,000","3,901,012,000,000","6,147,808,000,000","3,180,747,000,000","3,088,572,000,000","3,018,246,000,000","5,554,384,000,000","3,056,721,000,000","3,067,899,000,000","2,876,461,000,000","5,353,140,000,000","2,899,562,000,000","2,931,263,000,000",,"3,250,256,402,915.74","2,924,902,984,349.52","2,899,282,993,402.62","2,877,972,390,467.58","2,425,471,762,111.92","2,722,734,744,119.64","2,762,230,779,892.98","2,762,357,988,255.6","2,297,436,580,353.89","2,770,267,233,687.44","2,653,916,000,000","2,653,916,000,000","2,019,777,785,970","3,154,444,441,290","2,518,888,886,370","2,536,666,664,130","4,645,833,339,460","3,792,222,218,430","2,626,772,500,000","2,626,771,250,000","1,955,352,163,200","2,456,163,750,000","2,456,163,750,000","2,606,009,289,813.45","2,118,541,270,485.36","2,085,653,135,688.28","2,066,717,248,381.54","2,116,120,852,578.75","2,508,153,492,993","1,632,881,825,704","1,632,881,825,704","1,620,237,831,469.55","860,597,128,019.11","1,189,211,676,715.32","1,131,402,780,312.12","1,102,065,392,963.04","865,334,898,932","865,334,898,932","865,334,898,932","865,334,898,932"
CostOfRevenue,"2,858,312,000,000","1,953,885,000,000","297,477,000,000","694,091,000,000","637,405,000,000","803,457,000,000","710,111,000,000","694,274,000,000","706,480,000,000","862,230,000,000","788,707,000,000","741,814,000,000","711,058,000,000","805,214,000,000","773,326,000,000","815,990,000,000","792,517,000,000","881,238,000,000","810,698,000,000","783,168,000,000","828,181,000,000","720,820,000,000","862,099,000,000","775,869,000,000","717,655,000,000","748,856,000,000","684,873,000,000","675,583,000,000","686,851,000,000","624,541,000,000","826,446,000,000","299,334,000,000","271,436,000,000","311,032,000,000","244,720,000,000","217,050,000,000","186,474,000,000","577,019,000,000","25,657,000,000","16,352,000,000","15,586,000,000","355,868,000,000","8,450,000,000","8,887,000,000","7,307,000,000","179,723,000,000","15,445,000,000","16,834,000,000",,,,,,,,,,,,,,,,"653,333,332,680",,,,"635,133,750,000",,,,,,,,,,,,,,,,,,,,,
GrossProfit,"14,885,390,000,000","7,218,342,000,000","2,614,073,000,000","3,742,938,000,000","3,697,501,000,000","3,548,250,000,000","3,476,281,000,000","3,460,050,000,000","3,475,057,000,000","3,635,086,000,000","3,654,032,000,000","3,603,779,000,000","3,523,307,000,000","3,547,046,000,000","3,470,478,000,000","3,451,299,000,000","3,435,946,000,000","3,498,111,000,000","3,450,662,000,000","3,472,571,000,000","3,412,105,000,000","3,568,206,000,000","3,505,385,000,000","3,529,499,000,000","3,484,265,000,000","3,545,985,000,000","3,439,721,000,000","3,488,640,000,000","3,425,786,000,000","3,572,847,000,000","3,299,070,000,000","3,715,943,000,000","3,714,133,000,000","3,662,631,000,000","3,820,418,000,000","3,823,903,000,000","3,722,387,000,000","5,570,789,000,000","3,155,090,000,000","3,072,220,000,000","3,002,660,000,000","5,198,516,000,000","3,048,271,000,000","3,059,012,000,000","2,869,154,000,000","5,173,417,000,000","2,884,117,000,000","2,914,429,000,000",,,,,,,,,,,,,,,,"1,865,555,553,690",,,,"1,991,638,750,000",,,,,,,,,,,,,,,,,,,,,
OperatingExpense,"13,734,943,000,000","6,904,386,000,000","2,361,565,000,000","3,414,844,000,000","3,364,940,000,000","3,364,972,000,000","3,165,040,000,000","3,102,765,000,000","3,139,761,000,000","3,510,417,000,000","3,255,906,000,000","3,168,594,000,000","3,106,294,000,000","3,326,552,000,000","3,036,128,000,000","3,029,334,000,000","3,025,170,000,000","3,183,859,000,000","2,951,174,000,000","3,037,711,000,000","2,994,290,000,000","3,171,176,000,000","2,958,539,000,000","2,966,043,000,000","3,225,678,000,000","3,158,082,000,000","2,871,640,000,000","2,916,833,000,000","3,003,040,000,000","3,083,502,000,000","2,985,730,000,000","3,295,845,000,000","3,237,449,000,000","3,981,752,000,000","3,056,746,000,000","3,155,459,000,000","2,895,313,000,000","4,557,282,000,000","2,635,767,000,000","2,490,158,000,000","2,522,190,000,000","5,385,008,000,000","2,323,685,000,000","2,505,612,000,000","2,305,147,000,000","5,012,007,000,000","2,380,002,000,000","2,381,478,000,000",,,,,,,,,,,,,,,,"1,279,999,998,720",,,,"1,156,616,250,000",,,,,,,,,,,,,,,,,,,,,
	SellingGeneralAndAdministration,"8,921,172,000,000","4,533,576,000,000","1,527,994,000,000","2,214,293,000,000","2,212,815,000,000","2,296,995,000,000","2,165,345,000,000","2,080,722,000,000","2,142,193,000,000","2,324,977,000,000","2,245,367,000,000","2,171,628,000,000","2,138,190,000,000","2,249,145,000,000","2,096,445,000,000","2,115,230,000,000","2,108,686,000,000","2,112,799,000,000","2,021,947,000,000","2,129,808,000,000","2,114,471,000,000","2,136,190,000,000","2,065,606,000,000","2,062,293,000,000","2,342,768,000,000","2,094,344,000,000","2,020,324,000,000","2,056,722,000,000","2,156,521,000,000","2,142,068,000,000","2,189,604,000,000","2,597,518,000,000","2,555,042,000,000","3,309,548,000,000","2,371,158,000,000","2,478,537,000,000","2,260,802,000,000","3,522,421,000,000","1,904,743,000,000","1,871,241,000,000","1,912,737,000,000","3,075,464,000,000","1,812,993,000,000","1,885,708,000,000","1,721,002,000,000","3,425,595,000,000","1,667,977,000,000","1,752,975,000,000",,,,,,,,,,,,,,,,"925,555,554,630",,,,"774,460,000,000",,,,,,,,,,,,,,,,,,,,,
		GeneralAndAdministrativeExpense,"3,484,437,000,000","2,512,351,000,000","335,609,000,000","853,244,000,000","853,279,000,000","901,451,000,000","779,329,000,000","753,391,000,000","779,977,000,000","756,602,000,000","744,230,000,000","680,888,000,000","689,426,000,000","698,504,000,000","677,965,000,000","680,124,000,000","697,734,000,000","674,967,000,000","654,559,000,000","747,188,000,000","690,355,000,000","636,392,000,000","634,053,000,000","598,100,000,000","629,775,000,000","598,020,000,000","579,100,000,000","560,091,000,000","640,857,000,000","534,831,000,000","503,900,000,000","949,638,000,000","1,066,228,000,000","1,743,254,000,000","842,451,000,000","968,079,000,000","845,491,000,000","1,592,629,000,000","561,495,000,000","560,981,000,000","657,933,000,000","1,216,798,000,000","576,957,000,000","543,918,000,000","675,438,000,000","1,720,542,000,000","488,408,000,000","490,414,000,000",,,,,,,,,,,,,,,,"834,444,443,610",,,,"672,033,750,000",,,,,,,,,,,,,,,,,,,,,
			SalariesAndWages,"2,857,677,000,000","2,258,879,000,000","202,893,000,000","706,228,000,000","699,853,000,000","674,065,000,000","548,968,000,000","542,781,000,000","558,415,000,000","539,461,000,000","518,589,000,000","471,242,000,000","469,717,000,000","489,653,000,000","457,036,000,000","472,697,000,000","483,680,000,000","461,217,000,000","436,375,000,000","551,009,000,000","482,422,000,000","432,514,000,000","423,174,000,000","410,154,000,000","436,716,000,000","409,294,000,000","374,769,000,000","372,182,000,000","455,007,000,000","339,411,000,000","319,972,000,000","292,918,000,000","355,533,000,000","313,658,000,000","294,097,000,000","253,379,000,000","313,585,000,000","541,627,000,000","98,961,000,000","95,786,000,000","200,115,000,000","364,704,000,000","84,319,000,000","81,597,000,000","189,451,000,000","420,013,000,000","75,095,000,000","71,727,000,000",,,,,,,,,,,,,,,,,,,,,,,,,,,,,,,,,,,,,,,,,
			RentAndLandingFees,"231,934,000,000","63,729,000,000","55,541,000,000","58,999,000,000","58,417,000,000","132,557,000,000","134,139,000,000","131,144,000,000","131,613,000,000","125,392,000,000","129,367,000,000","132,414,000,000","133,071,000,000","128,400,000,000","130,104,000,000","130,777,000,000","128,024,000,000","128,874,000,000","125,224,000,000","117,037,000,000","122,451,000,000","119,493,000,000","118,240,000,000","113,376,000,000","109,200,000,000","107,253,000,000","115,331,000,000","111,366,000,000","110,866,000,000","111,500,000,000","105,708,000,000","100,393,000,000","106,876,000,000","110,787,000,000","98,265,000,000","93,662,000,000","99,271,000,000","134,348,000,000","71,703,000,000","70,739,000,000","72,984,000,000","128,714,000,000","67,891,000,000","66,182,000,000","63,760,000,000","120,103,000,000","60,645,000,000","56,407,000,000",,,,,,,,,,,,,,,,,,,,,,,,,,,,,,,,,,,,,,,,,
			OtherGandA,"394,826,000,000","189,743,000,000","77,175,000,000","88,017,000,000","95,009,000,000","94,829,000,000","96,222,000,000","79,466,000,000","89,949,000,000","91,749,000,000","96,274,000,000","77,232,000,000","86,638,000,000","80,451,000,000","90,825,000,000","76,650,000,000","86,030,000,000","84,876,000,000","92,960,000,000","79,142,000,000","85,482,000,000","84,385,000,000","92,639,000,000","74,570,000,000","83,859,000,000","81,473,000,000","89,000,000,000","76,543,000,000","74,984,000,000","83,920,000,000","78,220,000,000","556,327,000,000","603,819,000,000","1,318,809,000,000","450,089,000,000","621,038,000,000","432,635,000,000","916,654,000,000","390,831,000,000","394,456,000,000","384,834,000,000","723,380,000,000","424,747,000,000","396,139,000,000","422,227,000,000","1,180,426,000,000","352,668,000,000","362,280,000,000",,,,,,,,,,,,,,,,"834,444,443,610",,,,"672,033,750,000",,,,,,,,,,,,,,,,,,,,,
		SellingAndMarketingExpense,"5,436,735,000,000","2,021,225,000,000","1,192,385,000,000","1,361,049,000,000","1,359,536,000,000","1,395,544,000,000","1,386,016,000,000","1,327,331,000,000","1,362,216,000,000","1,568,375,000,000","1,501,137,000,000","1,490,740,000,000","1,448,764,000,000","1,550,641,000,000","1,418,480,000,000","1,435,106,000,000","1,410,952,000,000","1,437,832,000,000","1,367,388,000,000","1,382,620,000,000","1,424,116,000,000","1,499,798,000,000","1,431,553,000,000","1,464,193,000,000","1,712,993,000,000","1,496,324,000,000","1,441,224,000,000","1,496,631,000,000","1,515,664,000,000","1,607,237,000,000","1,685,704,000,000","1,647,880,000,000","1,488,814,000,000","1,566,294,000,000","1,528,707,000,000","1,510,458,000,000","1,415,311,000,000","1,929,792,000,000","1,343,248,000,000","1,310,260,000,000","1,254,804,000,000","1,858,666,000,000","1,236,036,000,000","1,341,790,000,000","1,045,564,000,000","1,705,053,000,000","1,179,569,000,000","1,262,561,000,000",,,,,,,,,,,,,,,,"91,111,111,020",,,,"102,426,250,000",,,,,,,,,,,,,,,,,,,,,
	ResearchAndDevelopment,"391,327,000,000","152,830,000,000","77,212,000,000","96,232,000,000","99,756,000,000","105,867,000,000","94,110,000,000","98,273,000,000","89,425,000,000","102,619,000,000","103,192,000,000","94,848,000,000","94,617,000,000","91,207,000,000","85,469,000,000","84,012,000,000","84,099,000,000","89,409,000,000","78,959,000,000","77,952,000,000","69,470,000,000","78,256,000,000","107,727,000,000","104,054,000,000","100,906,000,000","112,705,000,000","77,469,000,000","80,614,000,000","81,597,000,000","83,410,000,000","83,982,000,000","70,620,000,000","66,544,000,000","85,518,000,000","67,776,000,000","58,723,000,000","59,365,000,000","90,308,000,000","64,097,000,000","54,627,000,000","61,346,000,000","65,687,000,000","56,188,000,000","55,023,000,000","59,372,000,000","71,508,000,000","51,885,000,000","50,507,000,000",,,,,,,,,,,,,,,,,,,,,,,,,,,,,,,,,,,,,,,,,
	DepreciationAmortizationDepletionIncomeStatement,"3,771,486,000,000","1,803,736,000,000","680,737,000,000","930,351,000,000","891,150,000,000","804,888,000,000","767,529,000,000","767,722,000,000","785,979,000,000","791,920,000,000","777,663,000,000","766,167,000,000","761,716,000,000","772,244,000,000","733,040,000,000","721,250,000,000","715,352,000,000","729,722,000,000","719,126,000,000","703,859,000,000","692,588,000,000","718,118,000,000","672,349,000,000","668,435,000,000","655,828,000,000","685,654,000,000","667,476,000,000","674,104,000,000","640,839,000,000","661,662,000,000","614,745,000,000","575,620,000,000","588,919,000,000","547,070,000,000","617,812,000,000","591,922,000,000","575,146,000,000","1,285,773,000,000","509,424,000,000","470,602,000,000","457,780,000,000","1,311,465,000,000","454,504,000,000","426,941,000,000","400,716,000,000","1,344,153,000,000","471,915,000,000","403,084,000,000",,,,,,,,,,,,,,,,"353,333,332,980",,,,"382,155,000,000",,,,,,,,,,,,,,,,,,,,,
		DepreciationAndAmortizationInIncomeStatement,"3,771,486,000,000","1,803,736,000,000","680,737,000,000","930,351,000,000","891,150,000,000","804,888,000,000","767,529,000,000","767,722,000,000","785,979,000,000","791,920,000,000","777,663,000,000","766,167,000,000","761,716,000,000","772,244,000,000","733,040,000,000","721,250,000,000","715,352,000,000","729,722,000,000","719,126,000,000","703,859,000,000","692,588,000,000","718,118,000,000","672,349,000,000","668,435,000,000","655,828,000,000","685,654,000,000","667,476,000,000","674,104,000,000","640,839,000,000","661,662,000,000","614,745,000,000","575,620,000,000","588,919,000,000","547,070,000,000","617,812,000,000","591,922,000,000","575,146,000,000","1,285,773,000,000","509,424,000,000","470,602,000,000","457,780,000,000","1,311,465,000,000","454,504,000,000","426,941,000,000","400,716,000,000","1,344,153,000,000","471,915,000,000","403,084,000,000",,,,,,,,,,,,,,,,"353,333,332,980",,,,"382,155,000,000",,,,,,,,,,,,,,,,,,,,,
	ProvisionForDoubtfulAccounts,,,,,,,,,,,,,"0",,,,"-607,000,000",,,,"-2,154,000,000",,,,"0",,,,"-50,000,000","-439,000,000","0","19,722,000,000","26,944,000,000",,,"18,818,000,000",,,,,,,,,,,,,,,,,,,,,,,,,,,,,,,,,,,,,,,,,,,,,,,,,,,,,
	OtherTaxes,"44,761,000,000","24,540,000,000","3,399,000,000","16,600,000,000","10,158,000,000","7,179,000,000","6,657,000,000","14,820,000,000","8,634,000,000","7,472,000,000","10,393,000,000","6,655,000,000","3,299,000,000","6,551,000,000","10,628,000,000","8,610,000,000","9,231,000,000","8,320,000,000","11,330,000,000","8,114,000,000","8,354,000,000","7,995,000,000","10,745,000,000","6,522,000,000","8,238,000,000","7,438,000,000","8,945,000,000","5,912,000,000","7,670,000,000","15,262,000,000","13,098,000,000","32,365,000,000",,,,,,,,,,,,,,,,,,,,,,,,,,,,,,,,,,,,,,,,,,,,,,,,,,,,,,,,,
	OtherOperatingExpenses,"606,197,000,000","389,704,000,000","72,223,000,000","157,368,000,000","151,061,000,000","150,043,000,000","131,399,000,000","141,228,000,000","113,530,000,000","283,429,000,000","119,291,000,000","129,296,000,000","108,472,000,000","207,405,000,000","110,546,000,000","100,232,000,000","108,409,000,000","243,609,000,000","119,812,000,000","117,978,000,000","111,561,000,000","230,617,000,000","102,112,000,000","124,739,000,000","117,938,000,000","258,300,000,000","97,426,000,000","99,481,000,000","116,463,000,000","181,539,000,000","84,301,000,000",,,,,"7,459,000,000",,,"157,503,000,000","93,688,000,000","90,327,000,000",,,"137,940,000,000","124,057,000,000","107,778,000,000","188,225,000,000","174,912,000,000",,,,,,,,,,,,,,,,"1,111,111,110",,,,"1,250,000",,,,,,,,,,,,,,,,,,,,,
OperatingIncome,"1,150,447,000,000","313,956,000,000","252,508,000,000","328,094,000,000","332,561,000,000","183,278,000,000","311,241,000,000","357,285,000,000","335,296,000,000","124,669,000,000","398,126,000,000","435,185,000,000","417,013,000,000","220,494,000,000","434,350,000,000","421,965,000,000","410,776,000,000","314,252,000,000","499,488,000,000","434,860,000,000","417,815,000,000","397,030,000,000","546,846,000,000","563,456,000,000","258,587,000,000","387,903,000,000","568,081,000,000","571,807,000,000","422,746,000,000","489,345,000,000","313,340,000,000","420,098,000,000","476,684,000,000","-319,121,000,000","763,672,000,000","668,444,000,000","827,074,000,000","1,013,507,000,000","519,323,000,000","582,062,000,000","480,470,000,000","-186,492,000,000","724,586,000,000","553,400,000,000","564,007,000,000","161,410,000,000","504,115,000,000","532,951,000,000",,"-6,888,841,933,185.89","2,924,902,984,349.52","2,899,282,993,402.62","2,877,972,390,467.58","-5,529,422,208,229.2","2,722,734,744,119.64","2,762,230,779,892.98","2,762,357,988,255.6","-5,668,476,283,375.72","2,770,267,233,687.44","2,653,916,000,000","2,653,916,000,000","-5,835,222,214,030","3,154,444,441,290","585,555,554,970","2,536,666,664,130","-2,870,416,660,540","3,792,222,218,430","835,022,500,000","2,626,771,250,000","-4,571,338,226,040","2,456,163,750,000","2,456,163,750,000","2,606,009,289,813.45","-3,931,454,802,155.79","2,085,653,135,688.28","2,066,717,248,381.54","2,116,120,852,578.75","-3,406,449,526,354.5","1,632,881,825,704","1,632,881,825,704","1,620,237,831,469.55","-3,261,345,109,761.14","1,189,211,676,715.32","1,131,402,780,312.12","1,102,065,392,963.04","-2,128,554,638,682","865,334,898,932","865,334,898,932","865,334,898,932"
NetNonOperatingInterestIncomeExpense,"-334,489,000,000","-173,768,000,000","-49,657,000,000","-85,472,000,000","-87,207,000,000","-57,690,000,000","-67,937,000,000","-53,561,000,000","-58,195,000,000","-81,379,000,000","-55,536,000,000","-72,901,000,000","-49,140,000,000","-63,327,000,000","-60,015,000,000","-57,671,000,000","-60,342,000,000","-82,755,000,000","-62,616,000,000","-65,477,000,000","-62,715,000,000","-90,320,000,000","-66,643,000,000","-68,319,000,000","-63,155,000,000","-114,443,000,000","-63,816,000,000","-69,540,000,000","-72,336,000,000","-280,152,000,000","-80,693,000,000","-77,547,000,000","-64,639,000,000","-38,560,000,000","-26,574,000,000","-1,762,000,000","-54,830,000,000","-95,296,000,000","-16,945,000,000","-23,871,000,000","-25,385,000,000","-144,284,000,000","-38,720,000,000","-41,378,000,000","-28,803,000,000","-109,708,000,000","-45,187,000,000","-45,514,000,000",,,,,,,,,,,,,,,,,,,,,,,,,,,,,,,,,,,,,,,,,
	InterestIncomeNonOperating,"63,401,000,000","37,244,000,000","11,338,000,000","14,048,000,000","15,047,000,000","20,685,000,000","14,031,000,000","18,300,000,000","16,920,000,000","17,605,000,000","18,472,000,000","14,688,000,000","25,280,000,000","15,316,000,000","14,642,000,000","12,346,000,000","12,050,000,000","9,387,000,000","11,316,000,000","12,380,000,000","12,801,000,000","14,723,000,000","15,528,000,000","14,274,000,000","15,481,000,000","17,856,000,000","14,853,000,000","16,456,000,000","17,571,000,000","20,508,000,000","22,206,000,000","24,857,000,000","32,396,000,000","53,816,000,000","73,783,000,000","83,558,000,000","48,647,000,000","92,879,000,000","51,024,000,000","46,408,000,000","45,244,000,000","72,421,000,000","37,101,000,000","35,053,000,000","42,520,000,000","74,166,000,000","21,356,000,000","14,321,000,000",,,,,,,,,,,,,,,,,,,,,,,,,,,,,,,,,,,,,,,,,
	InterestExpenseNonOperating,"397,890,000,000","211,012,000,000","60,995,000,000","99,520,000,000","102,254,000,000","89,312,000,000","71,031,000,000","71,861,000,000","75,115,000,000","77,599,000,000","72,015,000,000","75,066,000,000","74,420,000,000","73,388,000,000","74,657,000,000","70,017,000,000","72,392,000,000","73,572,000,000","73,866,000,000","74,706,000,000","75,516,000,000","80,510,000,000","82,171,000,000","82,593,000,000","78,636,000,000","80,241,000,000","78,669,000,000","83,017,000,000","89,907,000,000","110,040,000,000","102,899,000,000","102,404,000,000","97,035,000,000","92,376,000,000","100,357,000,000","85,320,000,000","80,944,000,000","188,175,000,000","67,969,000,000","70,279,000,000","70,629,000,000","216,705,000,000","75,821,000,000","76,431,000,000","71,323,000,000","183,874,000,000","66,543,000,000","59,835,000,000",,,,,,,,,,,,,,,,,,,,,,,,,,,,,,,,,,,,,,,,,
	TotalOtherFinanceCost,,,,,,,"10,937,000,000",,,"21,385,000,000","1,993,000,000","12,523,000,000",,,,,,"18,570,000,000","66,000,000","3,151,000,000",,,,,,,,"2,979,000,000",,,,,,,,,"22,533,000,000",,,,,,,,,,,,,,,,,,,,,,,,,,,,,,,,,,,,,,,,,,,,,,,,,,,,
OtherIncomeExpense,"346,697,000,000","-159,709,000,000","115,000,000","110,597,000,000","222,454,000,000","478,414,000,000","1,058,628,000,000","859,318,000,000","629,889,000,000","883,262,000,000","661,461,000,000","386,142,000,000","356,347,000,000","406,925,000,000","56,838,000,000","456,000,000","385,690,000,000","173,421,000,000","117,970,000,000","146,209,000,000","204,913,000,000","340,776,000,000","185,556,000,000","112,869,000,000","137,145,000,000","111,049,000,000","-74,549,000,000","98,430,000,000","77,496,000,000","441,030,000,000","-37,307,000,000","-32,078,000,000","-30,061,000,000","620,009,000,000","-235,849,000,000","-18,616,000,000","-3,343,000,000","-626,483,000,000","-22,756,000,000","-64,805,000,000","-49,787,000,000","8,442,000,000","-14,184,000,000","-107,212,000,000","24,166,000,000","-174,767,000,000","-17,222,000,000","655,354,000,000",,,,,,,,,,,,,,,,"-1,111,111,110",,,,"19,242,500,000",,,,,,,,,,,,,,,,,,,,,
	GainOnSaleOfSecurity,"36,663,000,000","-478,947,000,000","513,000,000","1,557,000,000","11,578,000,000","4,517,000,000","70,495,000,000","-7,024,000,000","22,110,000,000","217,216,000,000","4,163,000,000","-41,238,000,000","8,191,000,000","139,745,000,000","586,000,000","350,000,000","334,275,000,000","-1,602,000,000","10,863,000,000","4,840,000,000","15,565,000,000","16,715,000,000","7,028,000,000","354,000,000","14,375,000,000","-21,818,000,000","-3,502,000,000","1,248,000,000","12,679,000,000","278,122,000,000","4,295,000,000","3,370,000,000","-28,026,000,000",,,,"29,662,000,000",,,,,"120,968,000,000","451,000,000","-1,479,000,000",,"39,773,000,000","-1,895,000,000","-14,340,000,000",,,,,,,,,,,,,,,,,,,,,,,,,,,,,,,,,,,,,,,,,
	EarningsFromEquityInterest,"449,543,000,000","449,543,000,000","0","136,076,000,000","223,345,000,000","736,224,000,000","992,448,000,000","915,597,000,000","626,643,000,000","678,002,000,000","689,480,000,000","498,289,000,000","379,961,000,000","315,688,000,000","112,005,000,000","41,899,000,000","74,909,000,000","159,862,000,000","173,955,000,000","208,066,000,000","244,257,000,000","339,492,000,000","272,144,000,000","149,647,000,000","145,055,000,000","121,751,000,000","235,155,000,000","189,351,000,000","161,325,000,000","16,377,000,000","4,941,000,000",,,"-25,057,000,000","-1,383,000,000","-9,898,000,000","-10,811,000,000","26,075,000,000","-18,010,000,000","-4,123,000,000","-33,338,000,000","69,165,000,000","-60,123,000,000","-36,223,000,000","-36,800,000,000","171,573,000,000","-62,114,000,000","55,796,000,000",,,,,,,,,,,,,,,,"-1,111,111,110",,,,"897,500,000",,,,,,,,,,,,,,,,,,,,,
	SpecialIncomeCharges,"-139,522,000,000","-150,545,000,000","2,619,000,000","-26,846,000,000","-12,494,000,000","-256,762,000,000","-3,440,000,000","-42,542,000,000","-30,028,000,000","-42,625,000,000","-37,459,000,000","-36,426,000,000","-29,698,000,000","-16,270,000,000","-54,701,000,000","-45,119,000,000","-48,833,000,000","-23,841,000,000","-53,988,000,000","-62,935,000,000","-30,224,000,000","-53,102,000,000","-42,399,000,000","-41,727,000,000","-20,863,000,000","14,464,000,000","-261,242,000,000","-40,432,000,000","-62,361,000,000","149,270,000,000","-32,705,000,000","-35,448,000,000","-2,035,000,000","645,066,000,000","-234,466,000,000","-8,718,000,000","-22,194,000,000","-671,366,000,000","-4,746,000,000","-60,682,000,000","-16,449,000,000","-181,691,000,000","45,488,000,000","-69,510,000,000","60,966,000,000","-386,113,000,000","46,787,000,000","613,898,000,000",,,,,,,,,,,,,,,,,,,,"18,345,000,000",,,,,,,,,,,,,,,,,,,,,
		ImpairmentOfCapitalAssets,"65,935,000,000",,,"1,274,000,000","63,000,000","254,762,000,000","0","174,000,000","903,000,000","52,495,000,000","0","257,000,000","2,194,000,000","21,277,000,000","2,432,000,000","609,000,000","188,000,000","33,869,000,000","0","953,000,000","1,023,000,000","44,323,000,000","0","237,000,000","2,928,000,000","2,937,000,000","216,000,000","628,000,000","10,617,000,000","28,904,000,000","5,850,000,000","1,021,000,000","3,430,000,000",,,"621,000,000",,,,,"108,000,000","12,960,000,000","0","16,021,000,000","3,186,000,000","215,534,000,000","4,373,000,000","17,065,000,000",,,,,,,,,,,,,,,,,,,,,,,,,,,,,,,,,,,,,,,,,
		WriteOff,"36,313,000,000","33,543,000,000","253,000,000","7,348,000,000","11,090,000,000","13,084,000,000","8,511,000,000","13,502,000,000","13,534,000,000","22,893,000,000","6,035,000,000","15,888,000,000","9,217,000,000","46,889,000,000","17,356,000,000","23,540,000,000","14,380,000,000","32,927,000,000","28,075,000,000","37,606,000,000","22,284,000,000","40,490,000,000","14,151,000,000","22,516,000,000","9,289,000,000","-5,698,000,000","20,803,000,000","24,373,000,000","36,212,000,000","17,580,000,000","17,632,000,000",,,,,,,,,,,,,,,,"105,000,000","1,520,000,000",,,,,,,,,,,,,,,,,,,,,,,,,,,,,,,,,,,,,,,,,
		OtherSpecialCharges,,,,"9,806,000,000","2,650,000,000","10,288,000,000","16,725,000,000","16,028,000,000","15,971,000,000","44,684,000,000","30,445,000,000","22,314,000,000","15,191,000,000","26,380,000,000","23,115,000,000","17,529,000,000","29,609,000,000","28,445,000,000","13,240,000,000","24,937,000,000","5,831,000,000","18,800,000,000","21,971,000,000","18,663,000,000","8,388,000,000","26,755,000,000","32,653,000,000","10,493,000,000","12,162,000,000","-43,117,000,000","4,207,000,000","31,465,000,000","-3,389,000,000",,,"8,097,000,000","22,194,000,000","637,294,000,000","-23,417,000,000","60,466,000,000","19,980,000,000","127,065,000,000","-51,983,000,000","53,642,000,000","-64,020,000,000","111,751,000,000","-51,533,000,000","-598,721,000,000",,,,,,,,,,,,,,,,,,,,,,,,,,,,,,,,,,,,,,,,,
		GainOnSaleOfPPE,"-37,274,000,000","-51,067,000,000","2,366,000,000","-8,418,000,000","1,309,000,000","-37,640,000,000","21,796,000,000","-12,838,000,000","380,000,000","-35,187,000,000","-979,000,000","2,033,000,000","-3,096,000,000","-18,357,000,000","-11,798,000,000","-3,441,000,000","-4,656,000,000","-1,054,000,000","-12,673,000,000","561,000,000","-1,086,000,000","-17,312,000,000","-6,277,000,000","-311,000,000","-258,000,000","-43,599,000,000","-207,570,000,000","-4,938,000,000","-3,370,000,000","152,637,000,000","-5,016,000,000","-2,962,000,000","-1,994,000,000",,,,,"-34,072,000,000","-28,163,000,000","-216,000,000","3,639,000,000","-41,666,000,000","-6,495,000,000","153,000,000","132,000,000","-59,070,000,000","-268,000,000","-368,000,000",,,,,,,,,,,,,,,,,,,,,,,,,,,,,,,,,,,,,,,,,
	OtherNonOperatingIncomeExpenses,"13,000,000","20,240,000,000","-3,017,000,000","-190,000,000","25,000,000","-5,565,000,000","-875,000,000","-6,713,000,000","11,164,000,000","30,669,000,000","5,277,000,000","-34,483,000,000","-2,107,000,000","-32,238,000,000","-1,052,000,000","3,326,000,000","25,339,000,000","39,002,000,000","-12,860,000,000","-3,762,000,000","-24,685,000,000","37,671,000,000","-51,217,000,000","4,595,000,000","-1,422,000,000","-3,348,000,000","-44,960,000,000","-51,737,000,000","-34,147,000,000","-2,739,000,000","-13,838,000,000",,,,,,,,,,,,,,,,,,,,,,,,,,,,,,,,,,,,,,,,,,,,,,,,,,,,,,,,,,
PretaxIncome,"1,162,655,000,000","-19,521,000,000","202,966,000,000","353,219,000,000","467,808,000,000","604,002,000,000","1,301,932,000,000","1,163,042,000,000","906,990,000,000","926,552,000,000","1,004,051,000,000","748,426,000,000","724,220,000,000","564,092,000,000","431,173,000,000","364,750,000,000","736,124,000,000","404,918,000,000","554,842,000,000","515,592,000,000","560,013,000,000","647,486,000,000","665,759,000,000","608,006,000,000","332,577,000,000","384,509,000,000","429,716,000,000","600,697,000,000","427,906,000,000","650,223,000,000","195,340,000,000","310,473,000,000","381,984,000,000","262,328,000,000","501,249,000,000","648,066,000,000","768,901,000,000","291,728,000,000","479,622,000,000","493,386,000,000","408,953,000,000","6,511,000,000","565,881,000,000","404,810,000,000","423,296,000,000","-129,258,000,000","441,706,000,000","428,698,000,000",,,,,,,,,,,,,,,,"529,999,999,470",,,,"769,397,500,000",,,,,,,,,,,,,,,,,,,,,
TaxProvision,"300,713,000,000","85,632,000,000","41,878,000,000","94,163,000,000","94,177,000,000","129,510,000,000","252,109,000,000","248,741,000,000","213,618,000,000","265,916,000,000","211,084,000,000","127,915,000,000","140,739,000,000","89,392,000,000","109,060,000,000","73,760,000,000","163,826,000,000","111,465,000,000","173,045,000,000","117,704,000,000","117,266,000,000","144,116,000,000","134,757,000,000","110,367,000,000","65,268,000,000","90,307,000,000","99,356,000,000","132,987,000,000","81,972,000,000","125,398,000,000","19,806,000,000","66,106,000,000","81,603,000,000","64,022,000,000","120,248,000,000","182,630,000,000","231,633,000,000","71,955,000,000","115,739,000,000","129,415,000,000","87,198,000,000","5,787,000,000","150,168,000,000","93,167,000,000","106,548,000,000","-74,606,000,000","108,066,000,000","130,688,000,000",,,,,,,,,,,,,,,,"165,555,555,390",,,,"234,971,250,000",,,,,,,,,,,,,,,,,,,,,
NetIncomeCommonStockholders,"875,141,000,000","-80,879,000,000","157,396,000,000","259,706,000,000","375,497,000,000","481,209,000,000","1,027,684,000,000","908,232,000,000","694,959,000,000","598,400,000,000","795,826,000,000","616,469,000,000","589,134,000,000","480,463,000,000","325,102,000,000","281,715,000,000","571,847,000,000","279,179,000,000","382,251,000,000","387,419,000,000","444,495,000,000","492,860,000,000","531,548,000,000","490,116,000,000","269,814,000,000","311,011,000,000","499,793,000,000","465,586,000,000","354,154,000,000","523,013,000,000","178,872,000,000","143,396,000,000","306,424,000,000","216,395,000,000","386,166,000,000","467,794,000,000","542,534,000,000","330,004,000,000","363,883,000,000","363,971,000,000","321,755,000,000","203,078,000,000","415,713,000,000","311,643,000,000","316,748,000,000","201,184,000,000","333,640,000,000","298,010,000,000",,"509,167,649,172.6","380,214,084,694.92","376,883,689,991.27","374,113,481,395.43","319,238,243,003.25","358,363,075,358.88","363,562,204,632.22","363,578,795,301.35","401,335,129,325.82","483,934,239,796.06","463,609,000,000","463,609,000,000","278,777,778,940","439,999,999,560","361,111,110,750","363,333,332,970","874,722,223,410","712,222,221,510","534,426,250,000","534,425,000,000","312,290,733,480","391,751,250,000","391,751,250,000","415,651,194,589.95","290,009,968,950.51","285,509,161,527.08","282,916,990,654.94","289,679,947,241.25","328,512,748,644.6","213,872,909,356.8","213,872,909,356.8","212,216,814,108.36","54,671,367,609","75,547,445,121","71,875,000,161","70,011,274,212","37,602,820,160","37,602,820,160","37,602,820,160","37,602,820,160"
	NetIncome,"889,907,000,000","-66,113,000,000","157,396,000,000","263,397,000,000","379,189,000,000","484,901,000,000","1,031,375,000,000","916,652,000,000","694,959,000,000","589,980,000,000","795,826,000,000","624,889,000,000","589,134,000,000","488,883,000,000","325,102,000,000","290,135,000,000","571,847,000,000","296,019,000,000","382,251,000,000","395,839,000,000","444,495,000,000","501,280,000,000","531,548,000,000","498,536,000,000","269,814,000,000","314,140,000,000","504,026,000,000","466,644,000,000","354,154,000,000","523,013,000,000","178,872,000,000","143,396,000,000","306,424,000,000","216,395,000,000","386,166,000,000","467,794,000,000","542,534,000,000","330,004,000,000","363,883,000,000","363,971,000,000","321,755,000,000","203,078,000,000","415,713,000,000","311,643,000,000","316,748,000,000","201,184,000,000","333,640,000,000","298,010,000,000",,"509,167,649,172.6","380,214,084,694.92","376,883,689,991.27","374,113,481,395.43","319,238,243,003.25","358,363,075,358.88","363,562,204,632.22","363,578,795,301.35","401,335,129,325.82","483,934,239,796.06","463,609,000,000","463,609,000,000","278,777,778,940","439,999,999,560","361,111,110,750","363,333,332,970","874,722,223,410","712,222,221,510","534,426,250,000","534,425,000,000","312,290,733,480","391,751,250,000","391,751,250,000","415,651,194,589.95","290,009,968,950.51","285,509,161,527.08","282,916,990,654.94","289,679,947,241.25","328,512,748,644.6","213,872,909,356.8","213,872,909,356.8","212,216,814,108.36","54,671,367,609","75,547,445,121","71,875,000,161","70,011,274,212","37,602,820,160","37,602,820,160","37,602,820,160","37,602,820,160"
		NetIncomeIncludingNoncontrollingInterests,"861,942,000,000","-105,153,000,000","161,088,000,000","259,056,000,000","373,631,000,000","474,492,000,000","1,049,823,000,000","914,301,000,000","693,372,000,000","660,636,000,000","792,967,000,000","620,511,000,000","583,481,000,000","474,700,000,000","322,113,000,000","290,990,000,000","572,298,000,000","293,453,000,000","381,797,000,000","397,888,000,000","442,747,000,000","503,370,000,000","531,002,000,000","497,639,000,000","267,309,000,000","293,669,000,000","502,234,000,000","467,710,000,000","345,934,000,000","519,090,000,000","175,636,000,000","120,557,000,000","300,381,000,000","195,482,000,000","383,887,000,000","465,436,000,000","537,268,000,000","247,567,000,000","363,883,000,000","363,971,000,000","321,755,000,000","11,502,000,000","415,713,000,000","311,643,000,000","316,748,000,000","-42,197,000,000","333,640,000,000","298,010,000,000",,"422,507,536,629.33","380,214,084,694.92","376,883,689,991.27","374,113,481,395.43","317,388,690,981.9","358,363,075,358.88","363,562,204,632.22","363,578,795,301.35","396,713,364,559.57","483,934,239,796.06","463,609,000,000","463,609,000,000","280,777,778,940","439,999,999,560","364,444,444,080","363,333,332,970","873,472,223,410","712,222,221,510","538,200,000,000","534,425,000,000","345,505,442,840","391,751,250,000","391,751,250,000","415,651,194,589.95","270,352,938,678.96","285,509,161,527.08","282,916,990,654.94","289,679,947,241.25","276,876,844,854.6","213,872,909,356.8","213,872,909,356.8","212,216,814,108.36","56,277,256,621.94","75,547,445,121","71,875,000,161","70,011,274,212","37,485,311,347","37,602,820,160","37,602,820,160","37,602,820,160"
			NetIncomeContinuousOperations,"861,942,000,000","-105,153,000,000","161,088,000,000","259,056,000,000","373,631,000,000","474,492,000,000","1,049,823,000,000","914,301,000,000","693,372,000,000","660,636,000,000","792,967,000,000","620,511,000,000","583,481,000,000","474,700,000,000","322,113,000,000","290,990,000,000","572,298,000,000","293,453,000,000","381,797,000,000","397,888,000,000","442,747,000,000","503,370,000,000","531,002,000,000","497,639,000,000","267,309,000,000","294,202,000,000","330,360,000,000","467,710,000,000","345,934,000,000","524,825,000,000","175,534,000,000","244,367,000,000","300,381,000,000","198,306,000,000","381,001,000,000","465,436,000,000","537,268,000,000","243,179,000,000","363,883,000,000","363,971,000,000","321,755,000,000","724,000,000","415,713,000,000","311,643,000,000","316,748,000,000","-428,108,000,000","441,706,000,000","298,010,000,000",,"509,167,649,172.6","380,214,084,694.92","376,883,689,991.27","374,113,481,395.43","319,238,243,003.25","358,363,075,358.88","363,562,204,632.22","363,578,795,301.35","401,335,129,325.82","483,934,239,796.06","463,609,000,000","463,609,000,000","278,777,778,940","439,999,999,560","361,111,110,750","363,333,332,970","874,722,223,410","712,222,221,510","534,426,250,000","534,425,000,000","312,290,733,480","391,751,250,000","391,751,250,000","415,651,194,589.95","290,009,968,950.51","285,509,161,527.08","282,916,990,654.94","289,679,947,241.25","328,512,748,644.6","213,872,909,356.8","213,872,909,356.8","212,216,814,108.36","54,671,367,609","75,547,445,121","71,875,000,161","70,011,274,212","37,602,820,160","37,602,820,160","37,602,820,160","37,602,820,160"
			NetIncomeDiscontinuousOperations,,,,,,,,,,,,,,,,,,,,,,"0","0","0","0","-533,000,000","171,874,000,000","0","0","-5,735,000,000","102,000,000","-123,810,000,000",,"-2,824,000,000","2,886,000,000",,,,,,,,,,,,,,,,,,,,,,,,,,,,,,,,,,,,,,,,,,,,,,,,,,,,,,
		MinorityInterests,"27,965,000,000","39,040,000,000","-3,692,000,000","4,341,000,000","5,558,000,000","10,409,000,000","-18,448,000,000","2,351,000,000","1,587,000,000","-70,656,000,000","2,859,000,000","4,378,000,000","5,653,000,000","14,183,000,000","2,989,000,000","-855,000,000","-451,000,000","2,566,000,000","454,000,000","-2,049,000,000","1,748,000,000","-2,090,000,000","546,000,000","897,000,000","2,505,000,000","20,471,000,000","1,792,000,000","-1,066,000,000","8,220,000,000","3,923,000,000","3,236,000,000","22,839,000,000","6,043,000,000","20,913,000,000","2,279,000,000","2,358,000,000","5,266,000,000",,,,,,,,,,,,,,,,,,,,,,,,,,,"-3,333,333,330",,,,"-3,773,750,000",,,,,,,,,,,,,,,,,,,,,
	OtherunderPreferredStockDividend,"14,766,000,000",,,"3,691,000,000","3,692,000,000","3,692,000,000","3,691,000,000","8,420,000,000",,,"0","8,420,000,000",,"8,420,000,000","0","8,420,000,000",,,,"8,420,000,000",,"8,420,000,000","0","8,420,000,000",,"3,129,000,000","4,233,000,000","1,058,000,000",,,,,,,,,,,,,,,,,,,,,,,,,,,,,,,,,,,,,,,,,,,,,,,,,,,,,,,,,,,,,
AverageDilutionEarnings,,,,,,,,,,,,,,,,,,,,,,,,,,"0","0",,"0","5,741,000,000","0",,,,,,,,,,,,,,,,,,,,,,,,,,,,,,,,,,,,,,,,,,,,,,,,,,,,,,,,,,
DilutedNIAvailtoComStockholders,"875,141,000,000","-80,879,000,000","157,396,000,000","259,706,000,000","375,497,000,000","481,209,000,000","1,027,684,000,000","908,232,000,000","694,959,000,000","598,400,000,000","795,826,000,000","616,469,000,000","589,134,000,000","480,463,000,000","325,102,000,000","281,715,000,000","571,847,000,000","279,179,000,000","382,251,000,000","387,419,000,000","444,495,000,000","492,860,000,000","531,548,000,000","490,116,000,000","269,814,000,000","311,011,000,000","499,793,000,000","465,586,000,000","354,154,000,000","528,754,000,000","178,872,000,000","143,396,000,000","306,424,000,000","216,395,000,000","386,166,000,000","467,794,000,000","542,534,000,000","330,004,000,000","363,883,000,000","363,971,000,000","321,755,000,000","203,078,000,000","415,713,000,000","311,643,000,000","316,748,000,000","201,184,000,000","333,640,000,000","298,010,000,000",,"509,167,649,172.6","380,214,084,694.92","376,883,689,991.27","374,113,481,395.43","319,238,243,003.25","358,363,075,358.88","363,562,204,632.22","363,578,795,301.35","401,335,129,325.82","483,934,239,796.06","463,609,000,000","463,609,000,000","278,777,778,940","439,999,999,560","361,111,110,750","363,333,332,970","874,722,223,410","712,222,221,510","534,426,250,000","534,425,000,000","312,290,733,480","391,751,250,000","391,751,250,000","415,651,194,589.95","290,009,968,950.51","285,509,161,527.08","282,916,990,654.94","289,679,947,241.25","328,512,748,644.6","213,872,909,356.8","213,872,909,356.8","212,216,814,108.36","54,671,367,609","75,547,445,121","71,875,000,161","70,011,274,212","37,602,820,160","37,602,820,160","37,602,820,160","37,602,820,160"
BasicEPS,,,"243.09","401.043","579.975",,"1,615.605","1,427.793","1,092.462",,"1,251.081","969.141","926.184",,"511.044","442.89","898.989",,"584.193","602.952","695.526",,"831.723","766.899","422.244",,"786.546","739.593","563.991",,"284.826","228.327","488.067",,"608.058","730.38","847.041",,"561.216","558.441","493.728",,"637.806","478.188","485.958",,"508.713","454.434","584.304",,"613.647","608.272","603.801",,"543.212","551.092","551.07",,"730.376","699.7","699.5",,"663.222","544.889","548.667",,"713","778.375","778.375",,"4,650","4,650","4,933.687",,"366.492","363.165","371.846",,"272.464","272.464","270.354",,"109.489","104.167","101.466",,"68.461","68.461","68.461"
DilutedEPS,,,"243.09","401.043","579.975",,"1,615.605","1,427.793","1,092.462",,"1,251.081","969.141","926.184",,"511.044","442.89","898.989",,"584.193","602.952","695.526",,"831.723","766.899","422.244",,"786.546","739.593","563.991",,"284.826","211.899","478.632",,"591.963","710.4","823.398",,"552.669","549.117","487.179",,"627.705","469.974","481.185",,"503.829","450.216","577.755",,"604.992","599.693","595.285",,"535.551","543.305","543.385",,"718.789","688.6","688.5",,"663.222","544.889","548.667",,"713","778.375","778.375",,"4,650","4,650","4,933.687",,"366.492","363.165","371.846",,"272.464","272.464","270.354",,"109.489","104.167","101.466",,"68.461","68.461","68.461"
BasicAverageShares,,,"647,475,928","647,475,928","647,475,928",,"636,118,559","636,118,559","636,118,559",,"636,118,559","636,118,559","636,118,559",,"636,118,559","636,118,559","636,118,559",,"654,316,757","642,585,477","639,066,090",,"639,066,090","639,066,090","639,066,090",,"635,387,135","629,481,423","627,882,874",,"627,882,874","627,882,874","627,882,874",,"635,127,559","640,495,486","640,495,486",,"648,337,009","651,756,748","651,756,748",,"651,756,784","651,756,784","651,821,090",,"655,792,820","655,792,820","655,284,165",,"653,858,181","653,858,181","653,858,181",,"659,711,022","659,712,209","659,768,704",,"662,582,494","662,582,494","662,771,959",,"663,427,769","662,528,691","662,211,369",,"998,909,162","686,301,768","686,301,768",,"84,247,579","84,247,579","84,247,579",,"779,031,995","779,031,995","779,031,995",,"784,959,013","784,959,013","784,959,013",,"689,999,839","689,999,839","689,999,839",,"549,261,788","549,261,788","549,261,788"
DilutedAverageShares,,,"647,475,928","647,475,928","647,475,928",,"636,118,559","636,118,559","636,118,559",,"636,118,559","636,118,559","636,118,559",,"636,118,559","636,118,559","636,118,559",,"654,316,757","642,585,477","639,066,090",,"639,066,090","639,066,090","639,066,090",,"635,387,135","629,481,423","627,882,874",,"627,882,874","676,718,625","648,679,324",,"654,743,676","727,438,838","660,111,604",,"667,174,811","662,829,597","660,445,134",,"669,774,766","676,129,883","658,266,571",,"662,208,805","667,662,135","662,711,978",,"668,372,895","668,372,895","668,372,895",,"669,148,635","669,167,985","669,099,592",,"673,263,100","673,263,100","673,360,897",,"663,427,769","662,528,691","662,211,369",,"998,909,162","686,301,768","686,301,768",,"84,247,579","84,247,579","84,247,579",,"779,031,995","779,031,995","779,031,995",,"784,959,013","784,959,013","784,959,013",,"689,999,839","689,999,839","689,999,839",,"549,261,788","549,261,788","549,261,788"
TotalOperatingIncomeAsReported,"1,000,893,000,000","167,172,000,000","252,761,000,000",,"322,572,000,000","-142,627,000,000","304,108,000,000","346,894,000,000","325,476,000,000","-1,606,000,000","392,410,000,000","423,266,000,000","410,502,000,000","69,629,000,000","424,298,000,000","407,364,000,000","402,127,000,000","189,271,000,000","490,628,000,000","412,878,000,000","402,648,000,000","272,774,000,000","536,562,000,000","546,094,000,000","252,396,000,000","76,994,000,000","551,436,000,000","553,446,000,000","410,633,000,000","550,702,000,000","300,694,000,000","384,617,000,000","452,316,000,000","325,945,000,000","529,206,000,000","659,726,000,000","614,338,000,000","360,448,000,000","519,323,000,000","582,062,000,000","480,470,000,000","142,353,000,000","618,785,000,000","553,400,000,000","564,007,000,000","161,410,000,000","504,115,000,000","532,951,000,000",,,,,,,,,,,,,,,,"585,555,554,970",,,,"835,022,500,000",,,,,,,,,,,,,,,,,,,,,
RentExpenseSupplemental,"231,934,000,000","63,729,000,000","55,541,000,000","58,999,000,000","58,417,000,000","132,557,000,000","134,139,000,000","131,144,000,000","131,613,000,000","125,392,000,000","129,367,000,000","132,414,000,000","133,071,000,000","128,400,000,000","130,104,000,000","130,777,000,000","128,024,000,000","128,874,000,000","125,224,000,000","117,037,000,000","122,451,000,000","119,493,000,000","118,240,000,000","113,376,000,000","109,200,000,000","107,253,000,000","115,331,000,000","111,366,000,000","110,866,000,000","111,500,000,000","105,708,000,000","100,393,000,000","106,876,000,000","110,787,000,000","98,265,000,000","93,662,000,000","99,271,000,000","134,348,000,000","71,703,000,000","70,739,000,000","72,984,000,000","128,714,000,000","67,891,000,000","66,182,000,000","63,760,000,000","120,103,000,000","60,645,000,000","56,407,000,000",,,,,,,,,,,,,,,,,,,,,,,,,,,,,,,,,,,,,,,,,
TotalExpenses,"16,593,255,000,000","8,858,271,000,000","2,659,042,000,000","4,108,935,000,000","4,002,345,000,000","4,168,429,000,000","3,875,151,000,000","3,797,039,000,000","3,846,241,000,000","4,372,647,000,000","4,044,613,000,000","3,910,408,000,000","3,817,352,000,000","4,131,766,000,000","3,809,454,000,000","3,845,324,000,000","3,817,687,000,000","4,065,097,000,000","3,761,872,000,000","3,820,879,000,000","3,822,471,000,000","3,891,996,000,000","3,820,638,000,000","3,741,912,000,000","3,943,333,000,000","3,906,938,000,000","3,556,513,000,000","3,592,416,000,000","3,689,891,000,000","3,708,043,000,000","3,812,176,000,000","3,595,179,000,000","3,508,885,000,000","4,292,784,000,000","3,301,466,000,000","3,372,509,000,000","3,081,787,000,000","5,134,301,000,000","2,661,424,000,000","2,506,510,000,000","2,537,776,000,000","5,740,876,000,000","2,332,135,000,000","2,514,499,000,000","2,312,454,000,000","5,191,730,000,000","2,395,447,000,000","2,398,312,000,000",,,,,,,,,,,,,,,,"1,933,333,331,400",,,,"1,791,750,000,000",,,,,,,,,,,,,,,,,,,,,
NetIncomeFromContinuingAndDiscontinuedOperation,"889,907,000,000","-66,113,000,000","157,396,000,000","263,397,000,000","379,189,000,000","484,901,000,000","1,031,375,000,000","916,652,000,000","694,959,000,000","589,980,000,000","795,826,000,000","624,889,000,000","589,134,000,000","488,883,000,000","325,102,000,000","290,135,000,000","571,847,000,000","296,019,000,000","382,251,000,000","395,839,000,000","444,495,000,000","501,280,000,000","531,548,000,000","498,536,000,000","269,814,000,000","314,140,000,000","504,026,000,000","466,644,000,000","354,154,000,000","523,013,000,000","178,872,000,000","143,396,000,000","306,424,000,000","216,395,000,000","386,166,000,000","467,794,000,000","542,534,000,000","330,004,000,000","363,883,000,000","363,971,000,000","321,755,000,000","203,078,000,000","415,713,000,000","311,643,000,000","316,748,000,000","168,520,000,000","333,640,000,000","298,010,000,000",,"509,167,649,172.6","380,214,084,694.92","376,883,689,991.27","374,113,481,395.43","319,238,243,003.25","358,363,075,358.88","363,562,204,632.22","363,578,795,301.35","401,335,129,325.82","483,934,239,796.06","463,609,000,000","463,609,000,000","278,777,778,940","439,999,999,560","361,111,110,750","363,333,332,970","874,722,223,410","712,222,221,510","534,426,250,000","534,425,000,000","312,290,733,480","391,751,250,000","391,751,250,000","415,651,194,589.95","290,009,968,950.51","285,509,161,527.08","282,916,990,654.94","289,679,947,241.25","328,512,748,644.6","213,872,909,356.8","213,872,909,356.8","212,216,814,108.36","54,671,367,609","75,547,445,121","71,875,000,161","70,011,274,212","37,602,820,160","37,602,820,160","37,602,820,160","37,602,820,160"
NormalizedIncome,"966,125,519,000","406,006,000,000","154,910,225,949.174","281,944,323,852.907","379,920,595,004.788","683,059,672,554.064","977,304,678,919.483","955,617,268,121.014","701,012,120,206.397","465,495,783,381.829","822,122,103,715.847","689,279,288,824.814","606,461,505,270.498","384,975,157,839.501","365,529,264,682.622","325,850,781,521.59","349,930,738,995.061","314,458,102,927.012","411,926,106,832.215","440,671,548,526.742","456,084,424,304.436","529,568,062,120.262","559,759,517,594.205","532,398,853,897.823","275,028,734,608.827","320,299,816,298.188","535,683,699,634.177","497,153,139,616.146","394,318,645,945.605","183,780,186,803.604","204,299,440,667.554","292,453,943,061.071","330,063,087,608.382","-268,416,548,610.899","561,498,371,440.143","474,055,200,322.189","537,315,750,285.147","831,388,911,472.33","367,483,728,736.38","408,736,129,578.059","334,696,702,334.987","239,663,940,000","381,964,845,340.275","366,293,885,420.321","271,127,775,457.363","448,484,000,000","299,731,094,800.614","-118,773,562,274.608",,"509,167,649,172.6","380,214,084,694.92","376,883,689,991.27","374,113,481,395.43","319,238,243,003.25","358,363,075,358.88","363,562,204,632.22","363,578,795,301.35","401,335,129,325.82","483,934,239,796.06","463,609,000,000","463,609,000,000","278,777,778,940","439,999,999,560","361,111,110,750","363,333,332,970","874,722,223,410","712,222,221,510","521,683,747,514.289","534,425,000,000","312,290,733,480","391,751,250,000","391,751,250,000","415,651,194,589.95","290,009,968,950.51","285,509,161,527.08","282,916,990,654.94","289,679,947,241.25","328,512,748,644.6","213,872,909,356.8","213,872,909,356.8","212,216,814,108.36","54,671,367,609","75,547,445,121","71,875,000,161","70,011,274,212","37,602,820,160","37,602,820,160","37,602,820,160","37,602,820,160"
InterestIncome,"63,401,000,000","37,244,000,000","11,338,000,000","14,048,000,000","15,047,000,000","20,685,000,000","14,031,000,000","18,300,000,000","16,920,000,000","17,605,000,000","18,472,000,000","14,688,000,000","25,280,000,000","15,316,000,000","14,642,000,000","12,346,000,000","12,050,000,000","9,387,000,000","11,316,000,000","12,380,000,000","12,801,000,000","14,723,000,000","15,528,000,000","14,274,000,000","15,481,000,000","17,856,000,000","14,853,000,000","16,456,000,000","17,571,000,000","20,508,000,000","22,206,000,000","24,857,000,000","32,396,000,000","53,816,000,000","73,783,000,000","83,558,000,000","48,647,000,000","92,879,000,000","51,024,000,000","46,408,000,000","45,244,000,000","72,421,000,000","37,101,000,000","35,053,000,000","42,520,000,000","74,166,000,000","21,356,000,000","14,321,000,000",,,,,,,,,,,,,,,,,,,,,,,,,,,,,,,,,,,,,,,,,
InterestExpense,"397,890,000,000","211,012,000,000","60,995,000,000","99,520,000,000","102,254,000,000","89,312,000,000","71,031,000,000","71,861,000,000","75,115,000,000","77,599,000,000","72,015,000,000","75,066,000,000","74,420,000,000","73,388,000,000","74,657,000,000","70,017,000,000","72,392,000,000","73,572,000,000","73,866,000,000","74,706,000,000","75,516,000,000","80,510,000,000","82,171,000,000","82,593,000,000","78,636,000,000","80,241,000,000","78,669,000,000","83,017,000,000","89,907,000,000","110,040,000,000","102,899,000,000","102,404,000,000","97,035,000,000","92,376,000,000","100,357,000,000","85,320,000,000","80,944,000,000","188,175,000,000","67,969,000,000","70,279,000,000","70,629,000,000","216,705,000,000","75,821,000,000","76,431,000,000","71,323,000,000","183,874,000,000","66,543,000,000","59,835,000,000",,,,,,,,,,,,,,,,,,,,,,,,,,,,,,,,,,,,,,,,,
NetInterestIncome,"-334,489,000,000","-173,768,000,000","-49,657,000,000","-85,472,000,000","-87,207,000,000","-57,690,000,000","-67,937,000,000","-53,561,000,000","-58,195,000,000","-81,379,000,000","-55,536,000,000","-72,901,000,000","-49,140,000,000","-63,327,000,000","-60,015,000,000","-57,671,000,000","-60,342,000,000","-82,755,000,000","-62,616,000,000","-65,477,000,000","-62,715,000,000","-90,320,000,000","-66,643,000,000","-68,319,000,000","-63,155,000,000","-114,443,000,000","-63,816,000,000","-69,540,000,000","-72,336,000,000","-280,152,000,000","-80,693,000,000","-77,547,000,000","-64,639,000,000","-38,560,000,000","-26,574,000,000","-1,762,000,000","-54,830,000,000","-95,296,000,000","-16,945,000,000","-23,871,000,000","-25,385,000,000","-144,284,000,000","-38,720,000,000","-41,378,000,000","-28,803,000,000","-109,708,000,000","-45,187,000,000","-45,514,000,000",,,,,,,,,,,,,,,,,,,,,,,,,,,,,,,,,,,,,,,,,
EBIT,"1,560,545,000,000","191,491,000,000","263,961,000,000","452,739,000,000","570,062,000,000","693,314,000,000","1,372,963,000,000","1,234,903,000,000","982,105,000,000","1,004,151,000,000","1,076,066,000,000","823,492,000,000","798,640,000,000","637,480,000,000","505,830,000,000","434,767,000,000","808,516,000,000","478,490,000,000","628,708,000,000","590,298,000,000","635,529,000,000","727,996,000,000","747,930,000,000","690,599,000,000","411,213,000,000","464,750,000,000","508,385,000,000","683,714,000,000","517,813,000,000","760,263,000,000","298,239,000,000","412,877,000,000","479,019,000,000","354,704,000,000","601,606,000,000","733,386,000,000","849,845,000,000","479,903,000,000","547,591,000,000","563,665,000,000","479,582,000,000","223,216,000,000","641,702,000,000","481,241,000,000","494,619,000,000","54,616,000,000","508,249,000,000","488,533,000,000",,"-6,888,841,933,185.89","2,924,902,984,349.52","2,899,282,993,402.62","2,877,972,390,467.58","-5,529,422,208,229.2","2,722,734,744,119.64","2,762,230,779,892.98","2,762,357,988,255.6","-5,668,476,283,375.72","2,770,267,233,687.44","2,653,916,000,000","2,653,916,000,000","-5,835,222,214,030","3,154,444,441,290","585,555,554,970","2,536,666,664,130","-2,870,416,660,540","3,792,222,218,430","835,022,500,000","2,626,771,250,000","-4,571,338,226,040","2,456,163,750,000","2,456,163,750,000","2,606,009,289,813.45","-3,931,454,802,155.79","2,085,653,135,688.28","2,066,717,248,381.54","2,116,120,852,578.75","-3,406,449,526,354.5","1,632,881,825,704","1,632,881,825,704","1,620,237,831,469.55","-3,261,345,109,761.14","1,189,211,676,715.32","1,131,402,780,312.12","1,102,065,392,963.04","-2,128,554,638,682","865,334,898,932","865,334,898,932","865,334,898,932"
EBITDA,"5,496,386,000,000"
ReconciledCostOfRevenue,"2,693,957,000,000","1,905,956,000,000","797,857,000,000","652,893,000,000","596,285,000,000","761,724,000,000","670,417,000,000","655,409,000,000","668,551,000,000","822,106,000,000","749,671,000,000","703,848,000,000","678,131,000,000","775,001,000,000","741,819,000,000","784,756,000,000","758,799,000,000","840,367,000,000","775,091,000,000","748,361,000,000","791,275,000,000","688,754,000,000","813,410,000,000","726,866,000,000","670,273,000,000","706,432,000,000","642,402,000,000","639,901,000,000","645,717,000,000","582,220,000,000","782,022,000,000","250,892,000,000","234,551,000,000","270,718,000,000","206,963,000,000","179,297,000,000","151,545,000,000","537,122,000,000","25,657,000,000","16,352,000,000","15,586,000,000","312,662,000,000","8,450,000,000","8,887,000,000","7,307,000,000","117,878,000,000","570,000,000","16,834,000,000",,,,,,,,,,,,,,,,"653,333,332,680",,,,"635,133,750,000",,,,,,,,,,,,,,,,,,,,,
ReconciledDepreciation,"3,935,841,000,000","1,851,665,000,000","180,357,000,000","971,549,000,000","932,270,000,000","846,621,000,000","807,223,000,000","806,587,000,000","823,908,000,000","832,044,000,000","816,699,000,000","804,133,000,000","794,643,000,000","802,457,000,000","764,547,000,000","752,484,000,000","749,070,000,000","770,593,000,000","754,733,000,000","738,666,000,000","729,494,000,000","750,184,000,000","721,038,000,000","717,438,000,000","703,210,000,000","728,078,000,000","709,947,000,000","709,786,000,000","681,973,000,000","703,983,000,000","659,169,000,000","624,062,000,000","625,804,000,000","587,384,000,000","655,569,000,000","629,675,000,000","610,075,000,000","1,325,670,000,000","545,613,000,000","503,100,000,000","494,385,000,000","1,354,671,000,000","486,845,000,000","458,569,000,000","432,708,000,000","1,405,998,000,000","486,790,000,000","403,084,000,000",,,,,,,,,,,,,,,,"353,333,332,980",,,,"382,155,000,000",,,,,,,,,,,,,,,,,,,,,
NetIncomeFromContinuingOperationNetMinorityInterest,"889,907,000,000","-66,113,000,000","157,396,000,000","263,397,000,000","379,189,000,000","484,901,000,000","1,031,375,000,000","916,652,000,000","694,959,000,000","589,980,000,000","795,826,000,000","624,889,000,000","589,134,000,000","488,883,000,000","325,102,000,000","290,135,000,000","571,847,000,000","296,019,000,000","382,251,000,000","395,839,000,000","444,495,000,000","501,280,000,000","531,548,000,000","498,536,000,000","269,814,000,000","314,673,000,000","332,152,000,000","466,644,000,000","354,154,000,000","528,748,000,000","178,770,000,000","267,206,000,000","306,424,000,000","219,219,000,000","383,280,000,000","467,794,000,000","542,534,000,000","325,616,000,000","363,883,000,000","363,971,000,000","321,755,000,000","192,300,000,000","415,713,000,000","311,643,000,000","316,748,000,000","188,729,000,000","333,640,000,000","298,010,000,000",,"509,167,649,172.6","380,214,084,694.92","376,883,689,991.27","374,113,481,395.43","319,238,243,003.25","358,363,075,358.88","363,562,204,632.22","363,578,795,301.35","401,335,129,325.82","483,934,239,796.06","463,609,000,000","463,609,000,000","278,777,778,940","439,999,999,560","361,111,110,750","363,333,332,970","874,722,223,410","712,222,221,510","534,426,250,000","534,425,000,000","312,290,733,480","391,751,250,000","391,751,250,000","415,651,194,589.95","290,009,968,950.51","285,509,161,527.08","282,916,990,654.94","289,679,947,241.25","328,512,748,644.6","213,872,909,356.8","213,872,909,356.8","212,216,814,108.36","54,671,367,609","75,547,445,121","71,875,000,161","70,011,274,212","37,602,820,160","37,602,820,160","37,602,820,160","37,602,820,160"
TotalUnusualItemsExcludingGoodwill,"-102,859,000,000","-629,492,000,000","3,132,000,000","-25,289,000,000","-916,000,000","-252,245,000,000","67,055,000,000","-49,566,000,000","-7,918,000,000","174,591,000,000","-33,296,000,000","-77,664,000,000","-21,507,000,000","123,475,000,000","-54,115,000,000","-44,769,000,000","285,442,000,000","-25,443,000,000","-43,125,000,000","-58,095,000,000","-14,659,000,000","-36,387,000,000","-35,371,000,000","-41,373,000,000","-6,488,000,000","-7,354,000,000","-264,744,000,000","-39,184,000,000","-49,682,000,000","427,392,000,000","-28,410,000,000","-32,078,000,000","-30,061,000,000","645,066,000,000","-234,466,000,000","-8,718,000,000","7,468,000,000","-671,366,000,000","-4,746,000,000","-60,682,000,000","-16,449,000,000","-60,723,000,000","45,939,000,000","-70,989,000,000","60,966,000,000","-346,340,000,000","44,892,000,000","599,558,000,000",,,,,,,,,,,,,,,,,,,,"18,345,000,000",,,,,,,,,,,,,,,,,,,,,
TotalUnusualItems,"-102,859,000,000","-629,492,000,000","3,132,000,000","-25,289,000,000","-916,000,000","-252,245,000,000","67,055,000,000","-49,566,000,000","-7,918,000,000","174,591,000,000","-33,296,000,000","-77,664,000,000","-21,507,000,000","123,475,000,000","-54,115,000,000","-44,769,000,000","285,442,000,000","-25,443,000,000","-43,125,000,000","-58,095,000,000","-14,659,000,000","-36,387,000,000","-35,371,000,000","-41,373,000,000","-6,488,000,000","-7,354,000,000","-264,744,000,000","-39,184,000,000","-49,682,000,000","427,392,000,000","-28,410,000,000","-32,078,000,000","-30,061,000,000","645,066,000,000","-234,466,000,000","-8,718,000,000","7,468,000,000","-671,366,000,000","-4,746,000,000","-60,682,000,000","-16,449,000,000","-60,723,000,000","45,939,000,000","-70,989,000,000","60,966,000,000","-346,340,000,000","44,892,000,000","599,558,000,000",,,,,,,,,,,,,,,,,,,,"18,345,000,000",,,,,,,,,,,,,,,,,,,,,
NormalizedEBITDA,"5,599,245,000,000","2,672,648,000,000","941,566,000,000","1,449,577,000,000","1,503,248,000,000","1,792,180,000,000","2,113,131,000,000","2,091,056,000,000","1,813,931,000,000","1,661,604,000,000","1,926,061,000,000","1,705,289,000,000","1,614,790,000,000","1,316,462,000,000","1,324,492,000,000","1,232,020,000,000","1,272,144,000,000","1,274,526,000,000","1,426,566,000,000","1,387,059,000,000","1,379,682,000,000","1,514,567,000,000","1,504,339,000,000","1,449,410,000,000","1,120,911,000,000","1,200,182,000,000","1,483,076,000,000","1,432,684,000,000","1,249,468,000,000","1,036,854,000,000","985,818,000,000","1,069,017,000,000","1,134,884,000,000","297,022,000,000","1,491,641,000,000","1,371,779,000,000","1,452,452,000,000","2,476,939,000,000","1,097,950,000,000","1,127,447,000,000","990,416,000,000","1,638,610,000,000","1,082,608,000,000","1,010,799,000,000","866,361,000,000","1,806,954,000,000","950,147,000,000","292,059,000,000",,"-6,888,841,933,185.89","2,924,902,984,349.52","2,899,282,993,402.62","2,877,972,390,467.58","-5,529,422,208,229.2","2,722,734,744,119.64","2,762,230,779,892.98","2,762,357,988,255.6","-5,668,476,283,375.72","2,770,267,233,687.44","2,653,916,000,000","2,653,916,000,000","-5,835,222,214,030","3,154,444,441,290","938,888,887,950","2,536,666,664,130","-2,870,416,660,540","3,792,222,218,430","1,198,832,500,000","2,626,771,250,000","-4,571,338,226,040","2,456,163,750,000","2,456,163,750,000","2,606,009,289,813.45","-3,931,454,802,155.79","2,085,653,135,688.28","2,066,717,248,381.54","2,116,120,852,578.75","-3,406,449,526,354.5","1,632,881,825,704","1,632,881,825,704","1,620,237,831,469.55","-3,261,345,109,761.14","1,189,211,676,715.32","1,131,402,780,312.12","1,102,065,392,963.04","-2,128,554,638,682","865,334,898,932","865,334,898,932","865,334,898,932"
TaxRateForCalcs,"0.259","0.25","0.206","0.267","0.201","0.214","0.194","0.214","0.236","0.287","0.21","0.171","0.194","0.158","0.253","0.202","0.223","0.275","0.312","0.228","0.209","0.223","0.202","0.182","0.196","0.235","0.231","0.221","0.192","0.193","0.101","0.213","0.214","0.244","0.24","0.282","0.301","0.247","0.241","0.262","0.213","0.22","0.265","0.23","0.252","0.25","0.245","0.305",,"0.25","0.25","0.25","0.25","0.4","0.4","0.4","0.4","0.4","0.4","0.4","0.4","0.4","0.4","0.312","0.4","0.4","0.4","0.305","0.4","0.4","0.4","0.4","0.4","0.4","0.4","0.4","0.4","0.4","0.4","0.4","0.4","0.4","0.4","0.4","0.4","0.4","0.4","0.4","0.4"
TaxEffectOfUnusualItems,"-26,640,481,000","-157,373,000,000","646,225,949.174","-6,741,676,147.093","-184,404,995.212","-54,086,327,445.936","12,984,678,919.483","-10,600,731,878.986","-1,864,879,793.603","50,106,783,381.829","-6,999,896,284.153","-13,273,711,175.186","-4,179,494,729.502","19,567,157,839.501","-13,687,735,317.378","-9,053,218,478.41","63,525,738,995.061","-7,003,897,072.988","-13,449,893,167.785","-13,262,451,473.258","-3,069,575,695.564","-8,098,937,879.738","-7,159,482,405.795","-7,510,146,102.177","-1,273,265,391.173","-1,727,183,701.812","-61,212,300,365.823","-8,674,860,383.854","-9,517,354,054.395","82,424,186,803.604","-2,880,559,332.446","-6,830,056,938.929","-6,421,912,391.618","157,430,451,389.101","-56,247,628,559.857","-2,456,799,677.811","2,249,750,285.147","-165,593,088,527.67","-1,145,271,263.62","-15,916,870,421.941","-3,507,297,665.013","-13,359,060,000","12,190,845,340.275","-16,338,114,579.679","15,345,775,457.363","-86,585,000,000","10,983,094,800.614","182,774,437,725.392",,"0","0","0","0","0","0","0","0","0","0","0","0","0","0","0","0","0","0","5,602,497,514.289","0","0","0","0","0","0","0","0","0","0","0","0","0","0","0","0","0","0","0","0","0"