name,ttm,12/31/2019,12/31/2018,12/31/2017,12/31/2016,12/31/2015,12/31/2014,12/31/2013,12/31/2012,12/31/2011,12/31/2010,12/31/2009,12/31/2008,12/31/2007,12/31/2006,12/31/2005,12/31/2004,12/31/2003,12/31/2002,12/31/2001,12/31/2000,12/31/1999,12/31/1998
TotalRevenue,"17,743,702,000,000","17,743,702,000,000","16,873,960,000,000","17,520,013,000,000","17,091,816,000,000","17,136,734,000,000","17,163,798,000,000","16,602,054,000,000","16,300,479,000,000","15,988,278,000,000","15,435,373,000,000","14,555,465,000,000","14,020,984,000,000","12,024,964,444,968.58","10,518,974,508,992.4","10,608,237,237,574.87","10,212,000,000,000","10,772,500,000,000","9,323,843,413,200","8,375,500,677,550.2","7,406,798,970,105","4,428,232,158,165.07","3,461,339,595,728"
	OperatingRevenue,"17,743,702,000,000","17,743,702,000,000","16,873,960,000,000","17,520,013,000,000","17,091,816,000,000","17,136,734,000,000","17,163,798,000,000","16,602,054,000,000","16,300,479,000,000","15,988,278,000,000","15,435,373,000,000","14,555,465,000,000","14,020,984,000,000","12,024,964,444,968.58","10,518,974,508,992.4","10,608,237,237,574.87","10,212,000,000,000","10,772,500,000,000","9,323,843,413,200","8,375,500,677,550.2","7,406,798,970,105","4,428,232,158,165.07","3,461,339,595,728"
CostOfRevenue,"2,858,312,000,000","2,858,312,000,000","2,914,322,000,000","3,103,809,000,000","3,187,047,000,000","3,303,285,000,000","3,076,443,000,000","2,792,941,000,000","2,823,135,000,000","959,276,000,000","634,614,000,000","380,512,000,000","233,200,000,000","311,853,933,245.4","2,098,451,160,131.04","2,234,146,098,497.9","3,244,000,000,000","2,146,250,000,000","2,359,430,604,180","2,501,743,764,342.15","1,195,417,190,437.5","830,072,479,259.82","696,239,717,025"
GrossProfit,"14,885,390,000,000","14,885,390,000,000","13,959,638,000,000","14,416,204,000,000","13,904,769,000,000","13,833,449,000,000","14,087,355,000,000","13,809,113,000,000","13,477,344,000,000","15,029,002,000,000","14,800,759,000,000","14,174,953,000,000","13,787,784,000,000","11,713,110,511,723.18","8,420,523,348,861.36","8,374,091,139,076.97","6,968,000,000,000","8,626,250,000,000","6,964,412,809,020","5,873,756,913,208.05","6,211,381,779,667.5","3,598,159,678,905.25","2,765,099,878,703"
OperatingExpense,"13,734,943,000,000","13,734,943,000,000","12,772,538,000,000","13,041,211,000,000","12,417,791,000,000","12,169,188,000,000","12,321,436,000,000","11,875,827,000,000","11,736,176,000,000","12,873,394,000,000","12,205,397,000,000","12,296,409,000,000","12,035,316,000,000","9,827,244,402,856.23","5,856,442,810,210.08","5,731,766,765,231.71","4,611,000,000,000","5,370,000,000,000","4,167,259,785,060","3,548,252,308,299","4,719,185,828,910","3,291,869,758,520.43","2,297,649,820,589"
	SellingGeneralAndAdministration,"8,921,172,000,000","8,921,172,000,000","8,685,255,000,000","8,880,162,000,000","8,569,506,000,000","8,379,025,000,000","8,606,857,000,000","8,259,752,000,000","8,471,905,000,000","10,231,128,000,000","9,131,467,000,000","8,534,123,000,000","8,509,635,000,000","7,830,016,870,532.22","4,236,267,174,218.64","3,535,814,930,762.1","3,058,000,000,000","3,786,250,000,000","2,731,909,844,860","1,990,524,314,995.05","3,385,506,944,760","2,584,927,516,949.53","1,370,505,286,019"
		GeneralAndAdministrativeExpense,"3,484,437,000,000","3,484,437,000,000","3,214,148,000,000","2,871,146,000,000","2,754,327,000,000","2,767,069,000,000","2,498,320,000,000","2,366,991,000,000","2,046,738,000,000","4,210,411,000,000","3,293,363,000,000","3,052,067,000,000","3,261,404,000,000","7,437,764,060,711.88","3,943,255,554,421.92","3,259,384,432,016.34","2,717,000,000,000","3,391,250,000,000","2,283,511,268,500","1,674,467,809,621.5","3,097,566,363,937.5",,
			SalariesAndWages,"2,857,677,000,000","2,857,677,000,000","2,324,229,000,000","1,999,009,000,000","1,903,066,000,000","1,931,023,000,000","1,702,558,000,000","1,601,804,000,000","1,322,901,000,000","1,173,247,000,000","936,489,000,000","720,071,000,000","731,418,000,000",,,,,,,,,,
			RentAndLandingFees,"231,934,000,000","231,934,000,000","529,453,000,000","520,244,000,000","517,305,000,000","493,586,000,000","460,309,000,000","443,639,000,000","424,476,000,000","401,706,000,000","349,773,000,000","326,547,000,000","290,655,000,000",,,,,,,,,,
			OtherGandA,"394,826,000,000","394,826,000,000","360,466,000,000","351,893,000,000","333,956,000,000","342,460,000,000","335,453,000,000","321,548,000,000","299,361,000,000","2,635,458,000,000","2,007,101,000,000","2,005,449,000,000","2,239,331,000,000","7,437,764,060,711.88","3,943,255,554,421.92","3,259,384,432,016.34","2,717,000,000,000","3,391,250,000,000","2,283,511,268,500","1,674,467,809,621.5","3,097,566,363,937.5",,
		SellingAndMarketingExpense,"5,436,735,000,000","5,436,735,000,000","5,471,107,000,000","6,009,016,000,000","5,815,179,000,000","5,611,956,000,000","6,108,537,000,000","5,892,761,000,000","6,425,167,000,000","6,020,717,000,000","5,838,104,000,000","5,482,056,000,000","5,248,231,000,000","392,252,809,820.34","293,011,619,796.72","276,430,498,745.76","341,000,000,000","395,000,000,000","448,398,576,360","316,056,505,373.55","287,940,580,822.5",,
	ResearchAndDevelopment,"391,327,000,000","391,327,000,000","387,675,000,000","395,276,000,000","344,787,000,000","315,790,000,000","390,943,000,000","352,385,000,000","304,557,000,000","271,382,000,000","270,378,000,000","236,269,000,000","226,714,000,000","218,777,154,021.86","202,177,769,278.65","249,375,437,279.5",,,,,,,
	DepreciationAmortizationDepletionIncomeStatement,"3,771,486,000,000","3,771,486,000,000","3,126,118,000,000","3,097,466,000,000","2,941,886,000,000","2,845,295,000,000","2,714,730,000,000","2,661,623,000,000","2,432,287,000,000","2,331,268,000,000","2,723,580,000,000","2,593,625,000,000","2,599,791,000,000","1,852,880,153,740.84","1,481,925,836,003.25","1,529,904,067,677.75","1,553,000,000,000","1,583,750,000,000","1,435,349,940,200","1,555,147,178,580.15","1,333,678,884,150","706,942,241,570.9","927,144,534,570"
		DepreciationAndAmortizationInIncomeStatement,"3,771,486,000,000","3,771,486,000,000","3,126,118,000,000","3,097,466,000,000","2,941,886,000,000","2,845,295,000,000","2,714,730,000,000","2,661,623,000,000","2,432,287,000,000","2,331,268,000,000","2,723,580,000,000","2,593,625,000,000","2,599,791,000,000","1,852,880,153,740.84","1,481,925,836,003.25","1,529,904,067,677.75","1,553,000,000,000","1,583,750,000,000","1,435,349,940,200","1,555,147,178,580.15","1,333,678,884,150","706,942,241,570.9","927,144,534,570"
			DepreciationIncomeStatement,,,,,,,,,,,,"1,895,880,390,000","1,804,910,219,000",,,,,,,,,,
	ProvisionForDoubtfulAccounts,,,,,,"0","0","-359,000,000","-5,343,000,000","12,847,000,000","79,972,000,000","199,958,000,000","62,973,000,000",,,,,,,,,,
	OtherTaxes,"44,761,000,000","44,761,000,000","37,290,000,000","27,819,000,000","35,020,000,000","36,118,000,000","33,500,000,000","29,873,000,000","91,846,000,000",,,,,,,,,,,,,,
	OtherOperatingExpenses,"606,197,000,000","606,197,000,000","536,200,000,000","640,488,000,000","526,592,000,000","592,960,000,000","575,406,000,000","572,553,000,000","440,924,000,000","26,769,000,000","419,613,000,000","732,434,000,000","636,203,000,000","-74,429,775,438.69","-63,927,969,290.46","416,672,329,512.36",,,,"2,580,814,723.8",,,
OperatingIncome,"1,150,447,000,000","1,150,447,000,000","1,187,100,000,000","1,374,993,000,000","1,486,978,000,000","1,664,261,000,000","1,765,919,000,000","1,933,286,000,000","1,741,168,000,000","2,155,608,000,000","2,595,362,000,000","1,878,544,000,000","1,752,468,000,000","1,885,866,108,866.95","2,564,080,538,651.28","2,642,324,373,845.26","2,357,000,000,000","3,256,250,000,000","2,797,153,023,960","2,325,504,604,909.05","1,492,195,950,757.5","306,289,920,384.82","467,450,058,114"
NetNonOperatingInterestIncomeExpense,"-334,489,000,000","-334,489,000,000","-237,383,000,000","-258,955,000,000","-241,356,000,000","-273,565,000,000","-288,437,000,000","-318,332,000,000","-503,032,000,000","98,549,000,000","-161,495,000,000","-253,186,000,000","-230,016,000,000",,,,,,,,,,
	InterestIncomeNonOperating,"63,401,000,000","63,401,000,000","69,936,000,000","76,045,000,000","54,353,000,000","45,884,000,000","60,006,000,000","65,560,000,000","99,967,000,000","442,325,000,000","235,556,000,000","187,095,000,000","136,006,000,000",,,,,,,,,,
	InterestExpenseNonOperating,"397,890,000,000","397,890,000,000","307,319,000,000","299,100,000,000","290,454,000,000","297,662,000,000","323,910,000,000","331,834,000,000","412,379,000,000","343,776,000,000","397,051,000,000","440,281,000,000","366,022,000,000",,,,,,,,,,
	TotalOtherFinanceCost,,,,"35,900,000,000","5,255,000,000","21,787,000,000","24,533,000,000","52,058,000,000","190,620,000,000",,,,,,,,,,,,,,
OtherIncomeExpense,"346,697,000,000","346,697,000,000","3,026,249,000,000","2,287,211,000,000","850,517,000,000","644,669,000,000","776,346,000,000","212,147,000,000","312,751,000,000","-71,299,000,000","-760,179,000,000","-224,860,000,000","-257,526,000,000","581,905,431,945.25","-420,058,545,694.92","-334,276,006,909.9","-91,000,000,000","-75,000,000,000","-353,499,406,760","-174,010,512,909.9","-61,662,452,437.5","118,741,789,222.67","-73,678,025,751"
	GainOnSaleOfSecurity,"36,663,000,000","36,663,000,000","90,098,000,000","188,331,000,000","474,956,000,000","27,891,000,000","38,471,000,000","-11,384,000,000","320,530,000,000",,"18,808,000,000","121,482,000,000","17,409,000,000",,,,,,,,,,
	EarningsFromEquityInterest,"449,543,000,000","449,543,000,000","3,270,912,000,000","2,245,732,000,000","544,501,000,000","786,140,000,000","906,338,000,000","706,509,000,000","-24,279,000,000","-47,149,000,000","-29,395,000,000","-63,980,000,000","-29,374,000,000","71,948,502,025.19","-158,030,692,325.88","-50,336,764,282.28","-12,000,000,000","-7,500,000,000","1,186,239,620","4,295,663,611.05",,,
	SpecialIncomeCharges,"-139,522,000,000","-139,522,000,000","-333,226,000,000","-146,174,000,000","-164,922,000,000","-168,836,000,000","-158,093,000,000","-348,746,000,000","24,293,000,000","-24,150,000,000","-749,592,000,000","-282,362,000,000","-245,561,000,000","509,956,929,920.06","-262,027,853,369.04","-283,939,242,627.62","-79,000,000,000","-67,500,000,000","-354,685,646,380","-178,306,176,520.95","-61,662,452,437.5","118,741,789,222.67","-73,678,025,751"
		ImpairmentOfCapitalAssets,"65,935,000,000","65,935,000,000","255,839,000,000","54,946,000,000","24,506,000,000","35,845,000,000","47,489,000,000","13,770,000,000","38,623,000,000","2,580,000,000",,"16,146,000,000","237,961,000,000",,,,,,,,,,
		WriteOff,"36,313,000,000","36,313,000,000","49,086,000,000","53,999,000,000","102,165,000,000","118,739,000,000","86,446,000,000","75,499,000,000","82,458,000,000",,,,,,,,,,,,,,
		OtherSpecialCharges,,,"59,012,000,000","112,634,000,000","96,633,000,000","72,454,000,000","67,823,000,000","82,057,000,000","2,099,000,000","21,570,000,000","690,781,000,000","202,319,000,000","-52,714,000,000",,,,,,,,,,
		GainOnSaleOfPPE,"-37,274,000,000","-37,274,000,000","-28,301,000,000","-37,229,000,000","-38,251,000,000","-14,252,000,000","-24,158,000,000","-259,477,000,000","147,473,000,000",,"-58,811,000,000","-63,897,000,000","-60,314,000,000",,,,,,,,,,
	OtherNonOperatingIncomeExpenses,"13,000,000","13,000,000","-1,535,000,000","-678,000,000","-4,018,000,000","-526,000,000","-10,370,000,000","-134,232,000,000","-7,793,000,000",,,,,,,,,,,,,,
PretaxIncome,"1,162,655,000,000","1,162,655,000,000","3,975,966,000,000","3,403,249,000,000","2,096,139,000,000","2,035,365,000,000","2,253,828,000,000","1,827,101,000,000","1,550,887,000,000","2,182,858,000,000","1,673,688,000,000","1,400,498,000,000","1,258,733,000,000","1,986,415,734,548.28","1,928,271,084,359.4","2,534,429,899,939.96","2,051,000,000,000","2,888,750,000,000","2,186,239,619,660","1,997,207,626,443.75","1,336,633,372,132.5","382,184,597,537.27","280,258,519,005"
TaxProvision,"300,713,000,000","300,713,000,000","843,978,000,000","745,654,000,000","436,038,000,000","519,480,000,000","454,508,000,000","400,797,000,000","295,887,000,000","599,093,000,000","404,306,000,000","355,670,000,000","298,850,000,000","686,549,626,923.65","545,624,055,825.42","685,914,859,833.55","608,000,000,000","827,500,000,000","698,695,136,180","850,670,172,912","366,501,895,417.5","100,870,894,565.27","129,847,238,365"
EarningsFromEquityInterestNetOfTax,,,,,,,,,,,"23,406,000,000",,,,,,,,,,,,
NetIncomeCommonStockholders,"875,141,000,000","875,141,000,000","3,112,084,000,000","2,599,829,000,000","1,659,127,000,000","1,501,764,000,000","1,784,338,000,000","1,630,544,000,000","1,151,705,000,000","1,612,889,000,000","1,379,613,000,000","1,247,182,000,000","1,215,719,000,000","1,649,808,992,261.64","1,384,496,580,555.33","1,853,136,804,872.66","1,441,000,000,000","2,062,500,000,000","1,487,544,483,480","1,146,537,453,531.75","970,131,476,715","281,313,702,972","150,411,280,640"
	NetIncome,"889,907,000,000","889,907,000,000","3,127,887,000,000","2,599,829,000,000","1,675,967,000,000","1,518,604,000,000","1,801,178,000,000","1,638,964,000,000","1,151,705,000,000","1,612,889,000,000","1,379,613,000,000","1,247,182,000,000","1,215,719,000,000","1,649,808,992,261.64","1,384,496,580,555.33","1,853,136,804,872.66","1,441,000,000,000","2,062,500,000,000","1,487,544,483,480","1,146,537,453,531.75","970,131,476,715","281,313,702,972","150,411,280,640"
		NetIncomeIncludingNoncontrollingInterests,"861,942,000,000","861,942,000,000","3,131,988,000,000","2,657,595,000,000","1,660,101,000,000","1,515,885,000,000","1,799,320,000,000","1,609,549,000,000","1,115,663,000,000","1,582,073,000,000","1,297,176,000,000","1,055,606,000,000","972,338,000,000","1,563,148,879,718.37","1,382,647,028,533.98","1,848,515,040,106.41","1,443,000,000,000","2,061,250,000,000","1,520,759,192,840","1,126,880,423,260.2","918,495,572,925","282,919,591,984.94","150,293,771,827"
			NetIncomeContinuousOperations,"861,942,000,000","861,942,000,000","3,131,988,000,000","2,657,595,000,000","1,660,101,000,000","1,515,885,000,000","1,799,320,000,000","1,426,304,000,000","1,255,000,000,000","1,583,765,000,000","1,292,788,000,000","1,044,828,000,000","959,883,000,000","1,649,808,992,261.64","1,384,496,580,555.33","1,853,136,804,872.66","1,441,000,000,000","2,062,500,000,000","1,487,544,483,480","1,146,537,453,531.75","970,131,476,715","281,313,702,972","150,411,280,640"
			NetIncomeDiscontinuousOperations,,,,,,"0","0","183,245,000,000","-139,337,000,000","-1,692,000,000","4,388,000,000","10,778,000,000","-20,209,000,000",,,,,,,,,,
			NetIncomeFromTaxLossCarryforward,,,,,,,,,,,,,"32,664,000,000",,,,,,,,,,
		MinorityInterests,"27,965,000,000","27,965,000,000","-4,101,000,000","-57,766,000,000","15,866,000,000","2,719,000,000","1,858,000,000","29,415,000,000","36,042,000,000","30,816,000,000","82,437,000,000","191,576,000,000","243,381,000,000","86,660,112,543.27","1,849,552,021.35","4,621,764,766.25","-2,000,000,000","1,250,000,000","-33,214,709,360","19,657,030,271.55","51,635,903,790","-1,605,889,012.94","117,508,813"
	OtherunderPreferredStockDividend,"14,766,000,000","14,766,000,000","15,803,000,000","16,840,000,000","16,840,000,000","16,840,000,000","16,840,000,000","8,420,000,000",,,,,,,,,,,,,,,
AverageDilutionEarnings,,,,,,,,"0","10,799,000,000",,,,,,,,,,,,,,
DilutedNIAvailtoComStockholders,"875,141,000,000","875,141,000,000","3,112,084,000,000","2,599,829,000,000","1,659,127,000,000","1,501,764,000,000","1,784,338,000,000","1,630,544,000,000","1,162,504,000,000","1,612,889,000,000","1,379,613,000,000","1,247,182,000,000","1,215,719,000,000","1,649,808,992,261.64","1,384,496,580,555.33","1,853,136,804,872.66","1,441,000,000,000","2,062,500,000,000","1,487,544,483,480","1,146,537,453,531.75","970,131,476,715","281,313,702,972","150,411,280,640"
BasicEPS,,"1,347.984","4,891.326","4,060.602","2,608.167","2,329.668","2,792.094","2,576.421","1,834.275","2,698.534","2,176.932","1,976.718","1,955.485","2,520.008","2,096.465","2,791.904","2,172.499","3,049.472","1,959.131","1,470.49","1,236.157","430.351","251.022"
DilutedEPS,,"1,347.984","4,891.326","4,060.602","2,608.167","2,329.668","2,792.094","2,576.421","1,791.651","2,698.534","2,143.632","1,976.718","1,955.485","2,484.367","2,067.031","2,747.243","2,172.499","3,049.472","1,959.131","1,470.49","1,236.157","430.351","251.022"
BasicAverageShares,,"649,226,658","636,243,027","636,118,559","636,118,559","644,612,306","639,066,090","632,861,189","627,880,770","627,882,873","648,129,613","655,792,820","655,642,126","654,683,906","660,395,703","663,753,767","663,291,379","676,346,704","759,288,049","779,697,665","785,039,031","662,219,010","595,600,412"
DilutedAverageShares,,"649,226,658","636,243,027","636,118,559","636,118,559","644,612,306","639,066,090","632,861,189","642,818,272","627,882,873","666,967,414","667,727,450","662,411,578","664,076,231","669,799,492","674,544,133","663,291,379","676,346,704","759,288,049","779,697,665","785,039,031","662,219,010","595,600,412"
TotalOperatingIncomeAsReported,"1,000,893,000,000","1,000,893,000,000","833,851,000,000","1,224,572,000,000","1,303,418,000,000","1,495,425,000,000","1,607,826,000,000","1,578,403,000,000","1,766,253,000,000","2,131,458,000,000","1,942,303,000,000","1,878,544,000,000","1,752,468,000,000","1,811,436,333,428.26","2,500,152,569,360.82","2,642,324,373,845.26","2,357,000,000,000","3,256,250,000,000","2,797,153,023,960","2,325,504,604,909.05","1,492,195,950,757.5","306,289,920,384.82","467,450,058,114"
RentExpenseSupplemental,"231,934,000,000","231,934,000,000","529,453,000,000","520,244,000,000","517,305,000,000","493,586,000,000","460,309,000,000","443,639,000,000","424,476,000,000","401,706,000,000","349,773,000,000","326,547,000,000","290,655,000,000",,,,,,,,,,
TotalExpenses,"16,593,255,000,000","16,593,255,000,000","15,686,860,000,000","16,145,020,000,000","15,604,838,000,000","15,472,473,000,000","15,397,879,000,000","14,668,768,000,000","14,559,311,000,000","13,832,670,000,000","12,840,011,000,000","12,676,921,000,000","12,268,516,000,000","10,139,098,336,101.63","7,954,893,970,341.12","7,965,912,863,729.61","7,855,000,000,000","7,516,250,000,000","6,526,690,389,240","6,049,996,072,641.15","5,914,603,019,347.5","4,121,942,237,780.25","2,993,889,537,614"
NetIncomeFromContinuingAndDiscontinuedOperation,"889,907,000,000","889,907,000,000","3,127,887,000,000","2,599,829,000,000","1,675,967,000,000","1,518,604,000,000","1,801,178,000,000","1,638,964,000,000","1,151,705,000,000","1,612,889,000,000","1,379,613,000,000","1,247,182,000,000","1,183,055,000,000","1,649,808,992,261.64","1,384,496,580,555.33","1,853,136,804,872.66","1,441,000,000,000","2,062,500,000,000","1,487,544,483,480","1,146,537,453,531.75","970,131,476,715","281,313,702,972","150,411,280,640"
NormalizedIncome,"966,125,519,000","966,125,519,000","3,319,471,864,000","2,566,904,383,000","1,430,420,072,000","1,623,608,025,000","1,896,636,356,000","1,736,980,530,000","1,012,080,193,000","1,632,113,900,000","1,929,476,482,646.706","1,356,426,969,429.446","1,377,247,860,132.371","1,316,104,562,709.215","1,572,380,968,695.807","2,060,231,094,790.094","1,496,581,179,912.238","2,110,664,214,625.703","1,728,876,985,140.619","1,253,521,159,444.32","1,014,886,221,949.006","193,911,718,069.946","194,618,096,090.6"
InterestIncome,"63,401,000,000","63,401,000,000","69,936,000,000","76,045,000,000","54,353,000,000","45,884,000,000","60,006,000,000","65,560,000,000","99,967,000,000","442,325,000,000","235,556,000,000","187,095,000,000","136,006,000,000",,,,,,,,,,
InterestExpense,"397,890,000,000","397,890,000,000","307,319,000,000","299,100,000,000","290,454,000,000","297,662,000,000","323,910,000,000","331,834,000,000","412,379,000,000","343,776,000,000","397,051,000,000","440,281,000,000","366,022,000,000",,,,,,,,,,
NetInterestIncome,"-334,489,000,000","-334,489,000,000","-237,383,000,000","-258,955,000,000","-241,356,000,000","-273,565,000,000","-288,437,000,000","-318,332,000,000","-503,032,000,000","98,549,000,000","-161,495,000,000","-253,186,000,000","-230,016,000,000",,,,,,,,,,
EBIT,"1,560,545,000,000","1,560,545,000,000","4,283,285,000,000","3,702,349,000,000","2,386,593,000,000","2,333,027,000,000","2,577,738,000,000","2,158,935,000,000","1,963,266,000,000","2,526,634,000,000","2,070,739,000,000","1,840,779,000,000","1,624,755,000,000","1,885,866,108,866.95","2,564,080,538,651.28","2,642,324,373,845.26","2,357,000,000,000","3,256,250,000,000","2,797,153,023,960","2,325,504,604,909.05","1,492,195,950,757.5","306,289,920,384.82","467,450,058,114"
EBITDA,"5,496,386,000,000"
ReconciledCostOfRevenue,"2,693,957,000,000","2,693,957,000,000","2,756,101,000,000","2,953,756,000,000","3,060,375,000,000","3,155,094,000,000","2,899,303,000,000","2,624,780,000,000","2,642,404,000,000","807,841,000,000","489,426,000,000","241,344,000,000","73,715,000,000","113,528,090,128.32","1,911,682,776,062.4","2,054,974,518,542.37","3,059,000,000,000","2,003,750,000,000","2,251,482,798,760","2,296,490,150,173.05","1,075,848,290,610","830,072,479,259.82","696,239,717,025"
ReconciledDepreciation,"3,935,841,000,000","3,935,841,000,000","3,284,339,000,000","3,247,519,000,000","3,068,558,000,000","2,993,486,000,000","2,891,870,000,000","2,829,784,000,000","2,613,018,000,000","2,482,703,000,000","2,868,768,000,000","2,732,793,000,000","2,759,276,000,000","2,051,205,996,857.92","1,668,694,220,071.89","1,709,075,647,633.28","1,738,000,000,000","1,726,250,000,000","1,543,297,745,620","1,760,400,792,749.25","1,453,247,783,977.5","706,942,241,570.9","927,144,534,570"
NetIncomeFromContinuingOperationNetMinorityInterest,"889,907,000,000","889,907,000,000","3,127,887,000,000","2,599,829,000,000","1,675,967,000,000","1,518,604,000,000","1,801,178,000,000","1,455,719,000,000","1,291,042,000,000","1,614,581,000,000","1,375,225,000,000","1,236,404,000,000","1,203,264,000,000","1,649,808,992,261.64","1,384,496,580,555.33","1,853,136,804,872.66","1,441,000,000,000","2,062,500,000,000","1,487,544,483,480","1,146,537,453,531.75","970,131,476,715","281,313,702,972","150,411,280,640"
TotalUnusualItemsExcludingGoodwill,"-102,859,000,000","-102,859,000,000","-243,128,000,000","42,157,000,000","310,034,000,000","-140,945,000,000","-119,622,000,000","-360,130,000,000","344,823,000,000","-24,150,000,000","-730,784,000,000","-160,880,000,000","-228,152,000,000","509,956,929,920.06","-262,027,853,369.04","-283,939,242,627.62","-79,000,000,000","-67,500,000,000","-354,685,646,380","-178,306,176,520.95","-61,662,452,437.5","118,741,789,222.67","-73,678,025,751"
TotalUnusualItems,"-102,859,000,000","-102,859,000,000","-243,128,000,000","42,157,000,000","310,034,000,000","-140,945,000,000","-119,622,000,000","-360,130,000,000","344,823,000,000","-24,150,000,000","-730,784,000,000","-160,880,000,000","-228,152,000,000","509,956,929,920.06","-262,027,853,369.04","-283,939,242,627.62","-79,000,000,000","-67,500,000,000","-354,685,646,380","-178,306,176,520.95","-61,662,452,437.5","118,741,789,222.67","-73,678,025,751"
NormalizedEBITDA,"5,599,245,000,000","5,599,245,000,000","7,810,752,000,000","6,907,711,000,000","5,145,117,000,000","5,467,458,000,000","5,589,230,000,000","5,348,849,000,000","4,231,461,000,000","5,033,487,000,000","5,670,291,000,000","4,734,452,000,000","4,612,183,000,000","3,427,115,175,804.81","4,494,802,612,092.21","4,635,339,264,106.16","4,174,000,000,000","5,050,000,000,000","4,695,136,415,960","4,264,211,574,179.25","3,007,106,187,172.5","894,490,372,733.05","1,468,272,618,435"
TaxRateForCalcs,"0.259","0.259","0.212","0.219","0.208","0.255","0.202","0.219","0.191","0.274","0.242","0.254","0.237","0.346","0.283","0.271","0.296","0.286","0.32","0.4","0.274","0.264","0.4"
TaxEffectOfUnusualItems,"-26,640,481,000","-26,640,481,000","-51,543,136,000","9,232,383,000","64,487,072,000","-35,940,975,000","-24,163,644,000","-78,868,470,000","65,861,193,000","-6,617,100,000","-176,532,517,353.294","-40,857,030,570.554","-54,168,139,867.629","176,252,500,367.635","-74,143,465,228.563","-76,844,952,710.186","-23,418,820,087.762","-19,335,785,374.297","-113,353,144,719.381","-71,322,470,608.38","-16,907,707,203.494","31,339,804,320.616","-29,471,210,300.4"