name,ttm,12/31/2019,12/31/2018,12/31/2017,12/31/2016,12/31/2015,12/31/2014,12/31/2013,12/31/2012,12/31/2011,12/31/2010,12/31/2009,12/31/2008,12/31/2007,12/31/2006,12/31/2005,12/31/2004,12/31/2003,12/31/2002,12/31/2001,12/31/2000,12/31/1999,12/31/1998
TotalRevenue,"2,804,116,000,000","2,966,193,000,000","2,891,179,000,000","2,360,193,000,000","1,930,911,000,000","2,018,883,000,000","2,825,914,000,000","2,880,311,000,000","2,786,045,000,000","2,505,683,000,000","1,913,182,000,000","1,345,052,000,000","1,452,101,000,000","1,204,843,000,000","1,045,548,000,000","799,954,000,000","591,734,000,000","418,047,000,000","325,073,000,000","305,882,000,000","323,960,000,000","231,694,000,000","191,066,000,000"
	OperatingRevenue,"2,741,621,000,000","2,900,488,000,000","2,825,613,000,000","2,300,470,000,000","1,880,190,000,000","1,976,412,000,000","2,781,641,000,000","2,833,247,000,000","2,733,618,000,000","2,463,767,000,000","1,876,758,000,000","1,315,915,000,000","1,452,101,000,000","1,204,843,000,000","1,045,548,000,000","799,954,000,000","591,734,000,000","418,047,000,000","325,073,000,000","305,882,000,000","323,960,000,000","231,694,000,000","191,066,000,000"
CostOfRevenue,"2,400,975,000,000","2,489,719,000,000","2,402,950,000,000","1,885,961,000,000","1,488,116,000,000","1,589,294,000,000","2,424,496,000,000","2,453,123,000,000","2,371,655,000,000","2,095,361,000,000","1,541,707,000,000","1,040,946,000,000","1,326,783,000,000","1,012,961,000,000","880,029,000,000","668,249,000,000","459,207,000,000","323,104,000,000","251,182,000,000","236,135,000,000","249,234,000,000","175,259,000,000","146,753,000,000"
GrossProfit,"403,141,000,000","476,474,000,000","488,229,000,000","474,232,000,000","442,795,000,000","429,589,000,000","401,418,000,000","427,188,000,000","414,390,000,000","410,322,000,000","371,475,000,000","304,106,000,000","125,318,000,000","191,882,000,000","165,519,000,000","131,705,000,000","132,527,000,000","94,943,000,000","73,891,000,000","69,747,000,000","74,726,000,000","56,435,000,000","44,313,000,000"
OperatingExpense,"362,256,000,000","384,443,000,000","397,353,000,000","383,465,000,000","369,482,000,000","368,608,000,000","325,730,000,000","327,523,000,000","314,368,000,000","303,154,000,000","252,536,000,000","212,779,000,000","130,993,000,000","92,832,000,000","87,494,000,000","69,583,000,000","65,243,000,000","55,305,000,000","46,747,000,000","42,307,000,000","43,739,000,000","41,657,000,000","37,883,000,000"
	SellingGeneralAndAdministration,"137,191,000,000","136,795,000,000","143,363,000,000","139,827,000,000","128,247,000,000","125,661,000,000","125,607,000,000","125,281,000,000","112,941,000,000","100,489,000,000","84,720,000,000","69,336,000,000","65,884,000,000","58,528,000,000","51,225,000,000","46,020,000,000","42,644,000,000","35,801,000,000","30,532,000,000","26,669,000,000","28,755,000,000","29,889,000,000","26,724,000,000"
		GeneralAndAdministrativeExpense,"137,191,000,000","136,795,000,000","143,363,000,000","139,827,000,000","128,247,000,000","125,661,000,000","125,607,000,000","125,281,000,000","112,941,000,000","100,489,000,000","84,720,000,000","69,336,000,000","40,917,000,000","35,964,000,000","26,491,000,000","23,330,000,000","23,167,000,000","21,219,000,000","17,253,000,000","14,369,000,000","17,172,000,000","22,964,000,000","19,897,000,000"
			SalariesAndWages,"82,965,000,000","81,482,000,000","77,721,000,000","74,854,000,000","63,887,000,000","56,331,000,000","57,233,000,000","55,353,000,000","51,767,000,000","41,529,000,000","33,672,000,000","28,836,000,000",,,,,,,,,,,
			OtherGandA,"54,226,000,000","55,313,000,000","65,642,000,000","64,973,000,000","64,360,000,000","69,330,000,000","68,374,000,000","69,928,000,000","61,174,000,000","58,960,000,000","51,048,000,000","40,500,000,000","40,917,000,000","35,964,000,000","26,491,000,000","23,330,000,000","23,167,000,000","21,219,000,000","17,253,000,000","14,369,000,000","17,172,000,000","22,964,000,000","19,897,000,000"
		SellingAndMarketingExpense,,,"59,396,000,000","56,055,000,000","49,550,000,000","46,872,000,000","46,274,000,000","44,359,000,000","40,299,000,000","38,399,000,000","31,981,000,000","27,635,000,000","24,967,000,000","22,564,000,000","24,734,000,000","22,690,000,000","19,477,000,000","14,582,000,000","13,279,000,000","12,300,000,000","11,583,000,000","6,925,000,000","6,827,000,000"
	ResearchAndDevelopment,,,"7,956,000,000",,,,,,,,,,,,,,,,,,,,
	DepreciationAmortizationDepletionIncomeStatement,"110,749,000,000","108,812,000,000","109,967,000,000","115,310,000,000","108,425,000,000","96,368,000,000","90,097,000,000","81,265,000,000","70,456,000,000","63,816,000,000","59,223,000,000","50,487,000,000",,,,,,,,,,,
		DepreciationAndAmortizationInIncomeStatement,,,"109,967,000,000","115,310,000,000","108,425,000,000","96,368,000,000","90,097,000,000","81,265,000,000","70,456,000,000","63,816,000,000","59,223,000,000","50,487,000,000",,,,,,,,,,,
			DepreciationIncomeStatement,,,"109,967,000,000","115,310,000,000","108,425,000,000","96,368,000,000","90,097,000,000","81,265,000,000","70,456,000,000","63,816,000,000","59,223,000,000","50,487,000,000",,,,,,,,,,,
	OtherTaxes,"231,767,000,000","242,535,000,000","246,498,000,000","235,292,000,000","232,006,000,000","236,343,000,000","191,202,000,000","190,672,000,000","188,483,000,000","189,949,000,000","157,189,000,000","132,884,000,000","56,799,000,000","34,304,000,000","28,286,000,000","17,152,000,000","16,203,000,000","13,371,000,000","11,852,000,000","11,863,000,000","12,101,000,000","9,381,000,000","8,545,000,000"
	OtherOperatingExpenses,"-6,702,000,000","5,113,000,000","7,492,000,000","8,346,000,000","9,229,000,000","6,604,000,000","8,921,000,000","11,570,000,000","12,944,000,000","12,716,000,000","10,627,000,000","10,559,000,000","8,310,000,000",,"7,983,000,000","6,411,000,000","6,396,000,000","6,133,000,000","4,363,000,000","3,775,000,000","2,883,000,000","2,387,000,000","2,614,000,000"
OperatingIncome,"40,885,000,000","92,031,000,000","90,876,000,000","90,767,000,000","73,313,000,000","60,981,000,000","75,688,000,000","99,665,000,000","100,022,000,000","107,168,000,000","118,939,000,000","91,327,000,000","-5,675,000,000","99,050,000,000","78,025,000,000","62,122,000,000","67,284,000,000","39,638,000,000","27,144,000,000","27,440,000,000","30,987,000,000","14,778,000,000","6,430,000,000"
NetNonOperatingInterestIncomeExpense,"-8,813,000,000","-8,379,000,000","1,843,000,000","-391,000,000","-4,944,000,000","-4,074,000,000","-8,431,000,000","-8,157,000,000","-9,963,000,000","-6,916,000,000","-6,738,000,000","-6,676,000,000","-10,881,000,000","-6,909,000,000","-7,510,000,000","-6,183,000,000","-4,223,000,000","-3,843,000,000","-4,062,000,000","-3,967,000,000","-5,709,000,000","-8,085,000,000","-8,416,000,000"
	InterestIncomeNonOperating,"6,367,000,000","7,206,000,000","7,726,000,000","5,254,000,000","3,218,000,000","2,978,000,000","1,779,000,000","1,568,000,000","1,254,000,000","1,584,000,000","660,000,000","277,000,000","445,000,000","405,000,000","554,000,000","382,000,000","359,000,000","305,000,000","338,000,000","1,183,000,000","820,000,000",,
	InterestExpenseNonOperating,"15,180,000,000","15,585,000,000","5,883,000,000","5,645,000,000","8,162,000,000","7,052,000,000","10,210,000,000","9,725,000,000","11,217,000,000","8,500,000,000","7,398,000,000","6,953,000,000","10,896,000,000","7,314,000,000","8,064,000,000","6,565,000,000","4,582,000,000","4,148,000,000","4,400,000,000","5,150,000,000","6,529,000,000","8,085,000,000","8,416,000,000"
	TotalOtherFinanceCost,,,"2,439,000,000","1,501,000,000","1,057,000,000","1,081,000,000","1,008,000,000","877,000,000","856,000,000","741,000,000","574,000,000","429,000,000","430,000,000",,,,,,,,,,
OtherIncomeExpense,"5,243,000,000","6,275,000,000","6,391,000,000","-3,679,000,000","11,782,000,000","-630,000,000","-1,753,000,000","3,544,000,000","583,000,000","4,313,000,000","-8,508,000,000","-4,083,000,000","40,782,000,000","-9,230,000,000","2,737,000,000","5,543,000,000","-9,526,000,000","-5,780,000,000","-1,070,000,000","-1,822,000,000","659,000,000","1,639,000,000","704,000,000"
	GainOnSaleOfSecurity,"-3,129,000,000","-3,857,000,000","680,000,000","-1,128,000,000","152,000,000","-2,383,000,000","4,704,000,000","2,936,000,000","312,000,000","1,283,000,000","699,000,000","545,000,000","7,107,000,000","4,564,000,000","824,000,000","1,730,000,000","980,000,000","262,000,000","240,000,000","917,000,000","1,101,000,000","854,000,000","954,000,000"
	EarningsFromEquityInterest,"11,017,000,000","12,777,000,000","13,974,000,000","16,525,000,000","9,306,000,000","8,081,000,000","3,630,000,000","2,359,000,000","1,626,000,000","4,152,000,000","5,390,000,000","2,997,000,000",,,,,,,,,,,
	SpecialIncomeCharges,,"-2,645,000,000","-8,263,000,000","-19,076,000,000","2,324,000,000","-6,069,000,000","-5,476,000,000","-3,779,000,000","-1,293,000,000","-2,381,000,000","-14,470,000,000","-7,407,000,000","-16,617,000,000","-7,458,000,000",,,,,,,,,
		ImpairmentOfCapitalAssets,,"345,000,000","6,281,000,000","21,258,000,000","16,425,000,000","5,146,000,000","3,619,000,000","2,661,000,000","1,014,000,000","2,809,000,000","14,477,000,000","7,285,000,000","16,617,000,000","7,458,000,000",,,,,,,,,
		WriteOff,,,"141,000,000",,,,,,,,,,,,,,,,,,,,
		OtherSpecialCharges,,"382,000,000","456,000,000","-3,700,000,000","-20,277,000,000","202,000,000","235,000,000","292,000,000","412,000,000","326,000,000","246,000,000","333,000,000",,,,,,,,,,,
		GainOnSaleOfPPE,,"-1,918,000,000","-1,526,000,000","-1,518,000,000","-1,528,000,000","-721,000,000","-1,622,000,000","-826,000,000","133,000,000","754,000,000","253,000,000","211,000,000",,,,,,,,,,,
	OtherNonOperatingIncomeExpenses,,,"-6,855,000,000","-392,000,000","1,001,000,000","-259,000,000","-4,611,000,000","2,028,000,000","-62,000,000","1,259,000,000","-127,000,000","-218,000,000","50,292,000,000","-6,336,000,000","1,913,000,000","3,813,000,000","-10,506,000,000","-6,042,000,000","-1,310,000,000","-2,739,000,000","-442,000,000","785,000,000","-250,000,000"
PretaxIncome,"37,315,000,000","89,927,000,000","99,110,000,000","86,697,000,000","80,151,000,000","56,277,000,000","65,504,000,000","95,052,000,000","90,642,000,000","104,565,000,000","103,693,000,000","80,568,000,000","24,226,000,000","82,911,000,000","73,252,000,000","61,482,000,000","53,535,000,000","30,015,000,000","22,012,000,000","21,651,000,000","25,937,000,000","8,332,000,000","-1,282,000,000"
TaxProvision,"4,826,000,000","17,894,000,000","20,213,000,000","16,279,000,000","20,707,000,000","12,613,000,000","17,571,000,000","24,763,000,000","23,846,000,000","26,120,000,000","25,689,000,000","16,084,000,000","-1,889,000,000","25,758,000,000","22,519,000,000","18,903,000,000","16,060,000,000","9,361,000,000","6,809,000,000","7,092,000,000","7,954,000,000","1,166,000,000","-1,636,000,000"
EarningsFromEquityInterestNetOfTax,,,,,,,,,,,,,,,"-627,000,000","119,000,000","-470,000,000","-243,000,000",,,,,
NetIncomeCommonStockholders,"22,852,000,000","57,465,000,000","61,618,000,000","51,244,000,000","46,672,000,000","32,438,000,000","46,466,000,000","66,132,000,000","63,879,000,000","73,225,000,000","71,800,000,000","61,760,000,000","29,689,000,000","54,947,000,000","50,664,000,000","39,558,000,000","32,275,000,000","19,011,000,000","14,121,000,000","14,018,000,000","16,154,000,000","5,665,000,000","37,000,000"
	NetIncome,"22,852,000,000","57,465,000,000","61,618,000,000","51,244,000,000","46,672,000,000","32,438,000,000","46,466,000,000","66,132,000,000","63,879,000,000","73,225,000,000","71,800,000,000","61,760,000,000","29,689,000,000","54,947,000,000","50,664,000,000","39,558,000,000","32,275,000,000","19,011,000,000","14,121,000,000","14,018,000,000","16,154,000,000","5,665,000,000","37,000,000"
		NetIncomeIncludingNoncontrollingInterests,"32,489,000,000","72,033,000,000","78,897,000,000","70,418,000,000","59,444,000,000","43,664,000,000","47,933,000,000","70,289,000,000","66,796,000,000","78,445,000,000","78,004,000,000","64,484,000,000","26,115,000,000","57,153,000,000","51,360,000,000","42,460,000,000","37,945,000,000","20,897,000,000","15,203,000,000","14,559,000,000","17,983,000,000","7,166,000,000","354,000,000"
			NetIncomeContinuousOperations,"32,489,000,000","72,033,000,000","78,897,000,000","70,418,000,000","59,444,000,000","43,664,000,000","47,933,000,000","70,289,000,000","66,796,000,000","78,445,000,000","78,004,000,000","64,484,000,000","26,115,000,000","57,153,000,000","50,106,000,000","42,698,000,000","37,005,000,000","20,411,000,000","15,203,000,000","14,559,000,000","17,983,000,000","7,166,000,000","354,000,000"
			NetIncomeFromTaxLossCarryforward,,,,,,,,,,,,,,,"0","0","0","0","0","0","0","0","0"
		MinorityInterests,"-9,637,000,000","-14,568,000,000","-17,279,000,000","-19,174,000,000","-12,772,000,000","-11,226,000,000","-1,467,000,000","-4,157,000,000","-2,917,000,000","-5,220,000,000","-6,204,000,000","-2,724,000,000","3,574,000,000","-2,206,000,000","-696,000,000","-2,902,000,000","-5,670,000,000","-1,886,000,000","-1,082,000,000","-541,000,000","-1,829,000,000","-1,501,000,000","-317,000,000"
	OtherunderPreferredStockDividend,,,"0","0","0","0","0","0","0","0","0","0",,,,,,,,,,,
AverageDilutionEarnings,,,"0",,,,,,,,,,,,,,,,,,,,
DilutedNIAvailtoComStockholders,"22,852,000,000","57,465,000,000","61,618,000,000","51,244,000,000","46,672,000,000","32,438,000,000","46,466,000,000","66,132,000,000","63,879,000,000","73,225,000,000","71,800,000,000","61,760,000,000",,,,,,,,,,,
BasicEPS,,,"50.9","42.3","38.5","26.8","39.8","57","56.615","64.615","63.846","54.615","26.154","48.462","47.646","36.169","32.314","19.234","14.617","14.618","19.97","5.026","0.033"
DilutedEPS,,,"50.9","42.3","38.5","26.8","39.7","53.4","54.462","62.308","63.077","54.615","23.077","48.462","47.646","36.169","32.314","19.234","14.617","14.618","19.97","5.026","0.033"
BasicAverageShares,,,"1,210,712,096","1,210,712,096","1,210,712,096","1,208,525,472","1,168,224,875","1,161,029,104","1,128,537,247","1,127,132,995","1,127,132,675","1,127,131,707","1,135,167,647","1,133,826,984","1,127,126,000","1,127,126,000","1,127,126,000","1,127,126,000","1,127,126,000","1,107,184,000","1,127,131,707","1,127,131,707","1,127,131,707"
DilutedAverageShares,,,"1,210,712,096","1,210,712,096","1,210,712,096","1,208,525,472","1,172,423,967","1,218,588,183","1,184,121,331","1,167,339,352","1,141,268,363","1,141,267,395","1,286,523,333","1,133,826,984","1,127,126,000","1,127,126,000","1,127,126,000","1,130,314,035","1,127,126,000","1,107,184,000","1,127,131,707","1,127,131,707","1,127,131,707"
TotalOperatingIncomeAsReported,"35,052,000,000","86,198,000,000","82,264,000,000","71,470,000,000","77,193,000,000","57,028,000,000","73,487,000,000","96,785,000,000","98,662,000,000","105,530,000,000","105,004,000,000","84,431,000,000",,,,,,,,,,,
TotalExpenses,"2,763,231,000,000","2,874,162,000,000","2,800,303,000,000","2,269,426,000,000","1,857,598,000,000","1,957,902,000,000","2,750,226,000,000","2,780,646,000,000","2,686,023,000,000","2,398,515,000,000","1,794,243,000,000","1,253,725,000,000","1,457,776,000,000","1,105,793,000,000","967,523,000,000","737,832,000,000","524,450,000,000","378,409,000,000","297,929,000,000","278,442,000,000","292,973,000,000","216,916,000,000","184,636,000,000"
NetIncomeFromContinuingAndDiscontinuedOperation,"22,852,000,000","57,465,000,000","61,618,000,000","51,244,000,000","46,672,000,000","32,438,000,000","46,466,000,000","66,132,000,000","63,879,000,000","73,225,000,000","71,800,000,000","61,760,000,000","29,689,000,000","54,947,000,000","50,664,000,000","39,558,000,000","32,275,000,000","19,011,000,000","14,121,000,000","14,018,000,000","16,154,000,000","5,665,000,000","37,000,000"
NormalizedIncome,"25,576,322,149.27","62,673,208,502.452","67,654,484,219.554","67,654,317,219.742","44,835,674,264.825","38,995,707,909.093","47,030,916,279.922","66,755,381,170.307","64,601,919,573.708","74,048,723,138.718","82,159,359,686.768","67,252,121,040.612","36,821,500,000","56,941,919,636.719","50,093,312,619.451","38,359,898,604.47","31,588,990,847.109","18,830,711,877.395","13,955,239,505.724","13,401,372,453.928","15,390,639,434.013","4,930,510,801.728","-535,400,000"
InterestIncome,"6,367,000,000","7,206,000,000","7,726,000,000","5,254,000,000","3,218,000,000","2,978,000,000","1,779,000,000","1,568,000,000","1,254,000,000","1,584,000,000","660,000,000","277,000,000","445,000,000","405,000,000","554,000,000","382,000,000","359,000,000","305,000,000","338,000,000","1,183,000,000","820,000,000",,
InterestExpense,"15,180,000,000","15,585,000,000","5,883,000,000","5,645,000,000","8,162,000,000","7,052,000,000","10,210,000,000","9,725,000,000","11,217,000,000","8,500,000,000","7,398,000,000","6,953,000,000","10,896,000,000","7,314,000,000","8,064,000,000","6,565,000,000","4,582,000,000","4,148,000,000","4,400,000,000","5,150,000,000","6,529,000,000","8,085,000,000","8,416,000,000"
NetInterestIncome,"-8,813,000,000","-8,379,000,000","1,843,000,000","-391,000,000","-4,944,000,000","-4,074,000,000","-8,431,000,000","-8,157,000,000","-9,963,000,000","-6,916,000,000","-6,738,000,000","-6,676,000,000","-10,881,000,000","-6,909,000,000","-7,510,000,000","-6,183,000,000","-4,223,000,000","-3,843,000,000","-4,062,000,000","-3,967,000,000","-5,709,000,000","-8,085,000,000","-8,416,000,000"
EBIT,"52,495,000,000","105,512,000,000","104,993,000,000","92,342,000,000","88,313,000,000","63,329,000,000","75,714,000,000","104,777,000,000","101,859,000,000","113,065,000,000","111,091,000,000","87,521,000,000","35,122,000,000","90,225,000,000","81,316,000,000","68,047,000,000","58,117,000,000","34,163,000,000","26,412,000,000","26,801,000,000","32,466,000,000","16,417,000,000","7,134,000,000"
EBITDA,"160,379,000,000"
ReconciledCostOfRevenue,"2,400,975,000,000","2,489,719,000,000","2,402,950,000,000","1,885,961,000,000","1,488,116,000,000","1,589,294,000,000","2,424,496,000,000","2,453,123,000,000","2,371,655,000,000","2,095,361,000,000","1,541,707,000,000","1,040,946,000,000","1,326,783,000,000","1,012,961,000,000","880,029,000,000","668,249,000,000","459,207,000,000","323,104,000,000","251,182,000,000","236,135,000,000","249,234,000,000","175,259,000,000","146,753,000,000"
ReconciledDepreciation,"107,884,000,000","108,812,000,000","109,967,000,000","115,310,000,000","108,425,000,000","96,368,000,000","90,097,000,000","81,265,000,000","70,456,000,000","63,816,000,000","59,223,000,000","50,487,000,000","45,853,000,000","43,384,000,000","34,260,000,000","31,831,000,000","31,242,000,000","27,671,000,000","26,613,000,000","24,919,000,000","24,286,000,000",,
NetIncomeFromContinuingOperationNetMinorityInterest,"22,852,000,000","57,465,000,000","61,618,000,000","51,244,000,000","46,672,000,000","32,438,000,000","46,466,000,000","66,132,000,000","63,879,000,000","73,225,000,000","71,800,000,000","61,760,000,000","29,689,000,000","54,947,000,000","50,664,000,000","39,558,000,000","32,275,000,000","19,011,000,000","14,121,000,000","14,018,000,000","16,154,000,000","5,665,000,000","37,000,000"
TotalUnusualItemsExcludingGoodwill,"-3,129,000,000","-6,502,000,000","-7,583,000,000","-20,204,000,000","2,476,000,000","-8,452,000,000","-772,000,000","-843,000,000","-981,000,000","-1,098,000,000","-13,771,000,000","-6,862,000,000","-9,510,000,000","-2,894,000,000","824,000,000","1,730,000,000","980,000,000","262,000,000","240,000,000","917,000,000","1,101,000,000","854,000,000","954,000,000"
TotalUnusualItems,"-3,129,000,000","-6,502,000,000","-7,583,000,000","-20,204,000,000","2,476,000,000","-8,452,000,000","-772,000,000","-843,000,000","-981,000,000","-1,098,000,000","-13,771,000,000","-6,862,000,000","-9,510,000,000","-2,894,000,000","824,000,000","1,730,000,000","980,000,000","262,000,000","240,000,000","917,000,000","1,101,000,000","854,000,000","954,000,000"
NormalizedEBITDA,"163,508,000,000","220,826,000,000","222,543,000,000","227,856,000,000","194,262,000,000","168,149,000,000","166,583,000,000","186,885,000,000","173,296,000,000","177,979,000,000","184,085,000,000","144,870,000,000","90,485,000,000","136,503,000,000","114,752,000,000","98,148,000,000","88,379,000,000","61,572,000,000","52,785,000,000","50,803,000,000","55,651,000,000","15,563,000,000","6,180,000,000"
TaxRateForCalcs,"0.129","0.199","0.204","0.188","0.258","0.224","0.268","0.261","0.263","0.25","0.248","0.2","0.25","0.311","0.307","0.307","0.3","0.312","0.309","0.328","0.307","0.14","0.4"
TaxEffectOfUnusualItems,"-404,677,850.73","-1,293,791,497.548","-1,546,515,780.446","-3,793,682,780.258","639,674,264.825","-1,894,292,090.907","-207,083,720.078","-219,618,829.693","-258,080,426.292","-274,276,861.282","-3,411,640,313.232","-1,369,878,959.388","-2,377,500,000","-899,080,363.281","253,312,619.451","531,898,604.47","293,990,847.109","81,711,877.395","74,239,505.724","300,372,453.928","337,639,434.013","119,510,801.728","381,600,000"