name,ttm,12/31/2019,09/30/2019,06/30/2019,03/31/2019,12/31/2018,09/30/2018,06/30/2018,03/31/2018,12/31/2017,09/30/2017,06/30/2017,03/31/2017,12/31/2016,09/30/2016,06/30/2016,03/31/2016,12/31/2015,09/30/2015,06/30/2015,03/31/2015,12/31/2014,09/30/2014,06/30/2014,03/31/2014,12/31/2013,09/30/2013,06/30/2013,03/31/2013,12/31/2012,09/30/2012,06/30/2012,03/31/2012,12/31/2011,09/30/2011,06/30/2011,03/31/2011,12/31/2010,09/30/2010,06/30/2010,03/31/2010,12/31/2009,09/30/2009,06/30/2009,03/31/2009,12/31/2008,09/30/2008,06/30/2008,03/31/2008,12/31/2007,09/30/2007,06/30/2007,03/31/2007,12/31/2006,09/30/2006,06/30/2006,03/31/2006,12/31/2005,09/30/2005,06/30/2005,03/31/2005,12/31/2004,09/30/2004,06/30/2004,03/31/2004,12/31/2003,09/30/2003,06/30/2003,03/31/2003,12/31/2002,09/30/2002,06/30/2002,03/31/2002,12/31/2001,09/30/2001,06/30/2001,03/31/2001,12/31/2000,09/30/2000,06/30/2000,03/31/2000,12/31/1999,09/30/1999,06/30/1999,03/31/1999,12/31/1998,09/30/1998,06/30/1998,03/31/1998,12/31/1997,09/30/1997,06/30/1997,03/31/1997,12/31/1996,09/30/1996,06/30/1996,03/31/1996,12/31/1995,09/30/1995,06/30/1995,03/31/1995,12/31/1994,09/30/1994,06/30/1994,03/31/1994
TotalRevenue,"1,943,655,000","472,219,000","473,065,000","494,132,000","504,238,000","565,227,000","543,155,000","638,697,000","518,724,000","574,774,000","558,685,000","505,719,000","531,900,000","553,815,000","504,048,000","489,614,000","391,845,000","411,344,000","445,220,000","484,249,000","387,519,000","491,416,000","466,425,000","522,301,000","534,100,000","492,210,000","521,074,000","566,459,000","623,400,000","600,952,000","615,252,000","683,300,000","529,625,000","538,907,000","574,679,000","551,665,000","480,035,000","505,677,000","459,468,000","476,745,000","388,523,000","387,709,000","383,781,000","344,800,000","320,900,000","397,894,000","589,105,000","460,785,000","326,335,000","306,241,000","322,494,000","321,643,000","237,149,000","267,041,000","271,121,000","285,588,000","219,136,000","214,872,000","244,900,000","229,722,000","206,502,000","184,916,000","223,700,000","208,300,000","171,600,000","163,606,000","203,200,000","173,500,000","151,500,000","140,009,000","157,700,000","139,300,000","117,400,000","127,439,000","156,200,000","121,400,000","121,400,000","125,447,000","125,448,000","125,448,000","125,448,000","123,425,000","123,427,000","123,427,000","123,427,000","126,500,000","126,400,000","126,400,000","126,400,000","128,400,000","128,300,000","128,300,000","128,300,000","118,500,000","118,400,000","118,400,000","118,400,000","102,400,000","102,400,000","102,400,000","102,400,000","78,500,000","78,500,000","78,500,000","78,500,000"
	OperatingRevenue,"1,943,655,000","472,219,000","473,065,000","494,132,000","504,238,000","565,227,000","543,155,000","638,697,000","518,724,000","574,774,000","558,685,000","505,719,000","531,900,000","553,815,000","504,048,000","489,614,000","391,845,000","411,344,000","445,220,000","484,249,000","387,519,000","491,416,000","466,425,000","522,301,000","534,100,000","492,210,000","521,074,000","566,459,000","623,400,000","600,952,000","615,252,000","683,300,000","529,625,000","538,907,000","574,679,000","551,665,000","480,035,000","505,677,000","459,468,000","476,745,000","388,523,000","387,709,000","383,781,000","344,800,000","320,900,000","397,894,000","589,105,000","460,785,000","326,335,000","306,241,000","322,494,000","321,643,000","237,149,000","267,041,000","271,121,000","285,588,000","219,136,000","214,872,000","244,900,000","229,722,000","206,502,000","184,916,000","223,700,000","208,300,000","171,600,000","163,606,000","203,200,000","173,500,000","151,500,000","140,009,000","157,700,000","139,300,000","117,400,000","127,439,000","156,200,000","121,400,000","121,400,000","125,447,000","125,448,000","125,448,000","125,448,000","123,425,000","123,427,000","123,427,000","123,427,000","126,500,000","126,400,000","126,400,000","126,400,000","128,400,000","128,300,000","128,300,000","128,300,000","118,500,000","118,400,000","118,400,000","118,400,000","102,400,000","102,400,000","102,400,000","102,400,000","78,500,000","78,500,000","78,500,000","78,500,000"
CostOfRevenue,"1,383,603,000","334,380,000","338,878,000","351,604,000","358,741,000","363,694,000","379,466,000","414,317,000","326,047,000","358,660,000","370,148,000","325,812,000","354,000,000","348,987,000","358,332,000","342,682,000","278,285,000","293,353,000","315,707,000","319,699,000","256,824,000","351,044,000","323,996,000","376,953,000","379,300,000","345,943,000","372,594,000","378,613,000","384,500,000","366,616,000","352,924,000","387,600,000","293,362,000","322,988,000","332,987,000","342,090,000","292,430,000","334,046,000","308,297,000","305,042,000","257,025,000","267,635,000","252,646,000","174,700,000","180,400,000","225,450,000","327,950,000","280,762,000","222,092,000","225,795,000","237,485,000","230,365,000","164,120,000","198,764,000","195,945,000","203,676,000","154,951,000","156,378,000","162,300,000","162,598,000","154,364,000","183,644,000","156,000,000","149,600,000","119,500,000","174,364,000","149,200,000","123,300,000","107,000,000","150,383,000","107,300,000","92,500,000","75,200,000","141,971,000","108,100,000",,,,,,,,,,,,,,,,,,,,,,,,,,,,,,
GrossProfit,"560,052,000","137,839,000","134,187,000","142,528,000","145,497,000","201,533,000","163,689,000","224,380,000","192,677,000","216,114,000","188,537,000","179,907,000","177,900,000","204,829,000","145,716,000","146,932,000","113,560,000","117,991,000","129,513,000","164,550,000","130,695,000","140,372,000","142,429,000","145,348,000","154,800,000","146,267,000","148,480,000","187,846,000","238,900,000","234,336,000","262,328,000","295,700,000","236,263,000","215,919,000","241,692,000","209,575,000","187,605,000","171,631,000","151,171,000","171,703,000","131,498,000","120,074,000","131,135,000","131,300,000","140,500,000","172,444,000","261,155,000","180,023,000","104,243,000","80,446,000","85,009,000","91,278,000","73,029,000","68,277,000","75,176,000","81,912,000","64,185,000","58,494,000","82,600,000","67,124,000","52,138,000","1,272,000","67,700,000","58,700,000","52,100,000","-10,758,000","54,000,000","50,200,000","44,500,000","-10,374,000","50,400,000","46,800,000","42,200,000","-14,532,000","48,100,000",,,,,,,,,,,,,,,,,,,,,,,,,,,,,,
OperatingExpense,"124,872,000","38,936,000","27,246,000","29,923,000","27,531,000","21,809,000","37,752,000","37,191,000","27,551,000","49,447,000","33,635,000","26,945,000","22,200,000","65,430,000","56,343,000","24,677,000","20,452,000","31,618,000","83,066,000","27,803,000","31,005,000","48,041,000","33,373,000","34,620,000","21,300,000","44,485,000","-41,561,000","33,530,000","23,300,000","46,152,000","34,042,000","25,300,000","27,474,000","-9,617,000","36,743,000","32,437,000","20,568,000","23,364,000","19,389,000","18,292,000","17,774,000","20,132,000","18,232,000","19,000,000","21,000,000","21,672,000","22,095,000","23,921,000","18,021,000","20,366,000","17,857,000","17,818,000","14,232,000","18,893,000","17,653,000","17,483,000","15,633,000","15,431,000","16,100,000","16,121,000","14,241,000","16,105,000","12,300,000","14,100,000","13,200,000","14,190,000","12,300,000","13,000,000","10,900,000","14,043,000","11,100,000","11,800,000","25,100,000","-35,452,000","26,400,000",,,,,,,,,,,,,,,,,,,,,,,,,,,,,,
	SellingGeneralAndAdministration,"123,459,000","36,153,000","28,618,000","28,124,000","30,564,000","39,204,000","27,298,000","31,080,000","26,572,000","26,815,000","26,518,000","23,876,000","22,200,000","28,780,000","21,834,000","22,716,000","19,076,000","28,551,000","19,338,000","23,382,000","23,184,000","29,092,000","23,000,000","23,507,000","21,300,000","29,528,000","25,392,000","27,377,000","23,300,000","32,114,000","26,041,000","25,300,000","22,985,000","25,047,000","23,564,000","22,580,000","20,568,000","23,364,000","19,389,000","18,292,000","17,774,000","20,132,000","18,232,000","19,000,000","21,000,000","21,672,000","22,095,000","23,921,000","18,021,000","20,366,000","17,857,000","17,818,000","14,232,000","18,893,000","17,653,000","17,483,000","15,633,000","15,431,000","16,100,000","16,121,000","14,241,000","16,105,000","12,200,000","14,100,000","13,300,000","14,290,000","12,400,000","13,000,000","10,900,000","14,043,000","11,100,000","11,900,000","9,400,000","12,848,000","10,300,000",,,,,,,,,,,,,,,,,,,,,,,,,,,,,,
		GeneralAndAdministrativeExpense,"119,548,000","35,536,000","27,667,000","27,154,000","29,191,000","38,215,000","27,298,000","31,080,000","25,673,000","25,180,000","26,518,000","23,876,000","22,200,000","27,269,000","21,834,000","22,716,000","19,076,000","28,551,000","19,338,000","23,382,000","23,184,000","29,092,000","23,000,000","23,507,000","21,300,000","29,528,000","25,392,000","27,377,000","23,300,000","32,100,000",,,"22,985,000",,,,,,,,,,,,,,,,,,,,,,,,,,,,,,,,,,,,,,,,,,,,,,,,,,,,,,,,,,,,,,,,,,,,,,,,
			SalariesAndWages,"60,255,000","17,099,000","14,820,000","14,633,000","13,701,000","19,782,000",,,"13,910,000","12,966,000",,,,"15,039,000",,,"10,062,000","10,765,000",,,"11,526,000","12,648,000",,,,"13,685,000",,,,,,,"11,052,000",,,,,,,,,,,,,,,,,,,,,,,,,,,,,,,,,,,,,,,,,,,,,,,,,,,,,,,,,,,,,,,,,,,,,,,,
			RentAndLandingFees,,,"1,082,000","1,422,000","682,000",,,,"290,000",,,,,,,,,,,,,,,,,,,,,,,,,,,,,,,,,,,,,,,,,,,,,,,,,,,,,,,,,,,,,,,,,,,,,,,,,,,,,,,,,,,,,,,,,,,,,,,,
			InsuranceAndClaims,"2,061,000","-50,000","861,000","713,000","537,000","430,000",,,,,,,,,,,,,,,,,,,,,,,,,,,,,,,,,,,,,,,,,,,,,,,,,,,,,,,,,,,,,,,,,,,,,,,,,,,,,,,,,,,,,,,,,,,,,,,,,,,
			OtherGandA,"57,232,000","21,673,000","10,904,000","10,386,000","14,271,000","21,623,000","27,298,000","31,080,000","11,473,000","11,336,000","26,518,000","23,876,000","22,200,000","7,848,000","21,834,000","22,716,000","9,014,000","17,786,000","19,338,000","23,382,000","11,658,000","16,444,000","23,000,000","23,507,000","21,300,000","15,843,000","25,392,000","27,377,000","23,300,000","32,100,000",,,"11,933,000",,,,,,,,,,,,,,,,,,,,,,,,,,,,,,,,,,,,,,,,,,,,,,,,,,,,,,,,,,,,,,,,,,,,,,,,
		SellingAndMarketingExpense,"3,911,000","617,000","951,000","970,000","1,373,000","989,000",,,"899,000",,,,,,,,,,,,,,,,,,,,,,,,,,,,,,,,,,,,,,,,,,,,,,,,,,,,,,,,,,,,,,,,,,,,,,,,,,,,,,,,,,,,,,,,,,,,,,,,
	DepreciationAmortizationDepletionIncomeStatement,"2,642,000","1,433,000","405,000","403,000","401,000","1,662,000",,,"25,000","31,000",,,,"29,000",,,"2,142,000","151,000",,,"63,000","4,892,000",,,,"77,000",,,,,,,"1,545,000",,,,,,,,,,,,,,,"1,671,000","659,000",,,"589,000","558,000","371,000",,"17,000","705,000","1,080,000","17,300,000","282,000","289,000","-44,630,000","15,900,000","14,800,000","14,800,000","-44,336,000","15,100,000","15,400,000","14,800,000","-45,595,000","15,200,000","15,400,000","15,700,000","-47,506,000","16,100,000",,,,,,,,,,,,,,,,,,,,,,,,,,,,,,
		DepreciationAndAmortizationInIncomeStatement,"2,642,000","1,433,000","405,000","403,000","401,000","1,662,000",,,"25,000","31,000",,,,"29,000",,,"2,142,000","151,000",,,"63,000","4,892,000",,,,"77,000",,,,,,,"1,545,000",,,,,,,,,,,,,,,"1,671,000","659,000",,,"589,000","558,000","371,000",,"17,000","705,000","1,080,000","17,300,000","282,000","289,000","-44,630,000","15,900,000","14,800,000","14,800,000","-44,336,000","15,100,000","15,400,000","14,800,000","-45,595,000","15,200,000","15,400,000","15,700,000","-47,506,000","16,100,000",,,,,,,,,,,,,,,,,,,,,,,,,,,,,,
			DepreciationIncomeStatement,"2,637,000","1,431,000","403,000","402,000","401,000","8,000",,,"22,000","23,000",,,,"28,000",,,"28,000","150,000",,,"63,000","4,892,000",,,,"77,000",,,,,,,"1,545,000",,,,,,,,,,,,,,,,,,,,,,,,,,,,,,,,,,,,,,,,,,,,,,,,,,,,,,,,,,,,,,,,,,,,,,,,
			Amortization,"5,000","2,000","2,000","1,000","0","1,654,000",,,"3,000",,,,,"1,000",,,"2,114,000","1,000",,,,,,,,,,,,,,,,,,,,,,,,,,,,,,"1,671,000","659,000",,,"589,000","558,000","371,000",,"17,000","705,000","1,080,000",,"282,000","289,000",,,,,,,,,,,,,,,,,,,,,,,,,,,,,,,,,,,,,,,,,,,,
				AmortizationOfIntangiblesIncomeStatement,"5,000","2,000","2,000","1,000","0","1,654,000",,,"3,000",,,,,"1,000",,,"2,114,000","1,000",,,,,,,,,,,,,,,,,,,,,,,,,,,,,,"1,671,000","659,000",,,"589,000","558,000","371,000",,"17,000","705,000","1,080,000",,"282,000","289,000",,,,,,,,,,,,,,,,,,,,,,,,,,,,,,,,,,,,,,,,,,,,
	ProvisionForDoubtfulAccounts,,,,,,,,,,,,,,,,,"-6,000",,,,"0",,,,,,,,,,,,,,,,,,,,,,,,,,,,,,,,,,,,,,,,,,,,,,,,,,,,,,,,,,,,,,,,,,,,,,,,,,,,,,,,,,,,
	OtherTaxes,"156,000","-46,000","-363,000","399,000","214,000","202,000",,,"468,000","259,000",,,,"597,000",,,"410,000","-4,359,000",,,"8,839,000","5,097,000",,,,"-5,550,000",,,,,,,,,,,,,,,,,,,,,,,,,,,,,,,,,,,,,,,,,,,,,,,,,,,,,,,,,,,,,,,,,,,,,,,,,,,,,,,
	OtherOperatingExpenses,"-1,385,000","1,396,000","-1,414,000","997,000","-3,648,000","-19,259,000","10,454,000","6,111,000","486,000","22,342,000","7,117,000","3,069,000",,"36,024,000","34,509,000","1,961,000","-1,170,000","7,205,000","63,728,000","4,421,000","-1,081,000","8,778,000","10,373,000","11,113,000",,"20,430,000","-66,953,000","6,153,000",,"14,207,000","8,001,000",,"2,944,000",,"13,179,000","9,857,000",,,,,,,,,,,,"-1,671,000","-659,000",,,"-589,000","-558,000","-371,000",,"17,000","-705,000","-1,080,000","-17,300,000","-282,000","-289,000","44,630,000","-15,800,000","-14,800,000","-14,900,000","44,236,000","-15,200,000","-15,400,000","-14,800,000","45,595,000","-15,200,000","-15,500,000",,,,,,,,,,,,,,,,,,,,,,,,,,,,,,,,,
OperatingIncome,"435,180,000","98,903,000","106,941,000","112,605,000","117,966,000","179,724,000","125,937,000","187,189,000","165,126,000","166,667,000","154,902,000","152,962,000","155,700,000","139,399,000","89,373,000","122,255,000","93,108,000","86,373,000","46,447,000","136,747,000","99,690,000","92,331,000","109,056,000","110,728,000","133,500,000","101,782,000","190,041,000","154,316,000","215,600,000","188,184,000","228,286,000","270,400,000","208,789,000","225,536,000","204,949,000","177,138,000","167,037,000","148,267,000","131,782,000","153,411,000","113,724,000","99,942,000","112,903,000","151,100,000","119,500,000","150,772,000","239,060,000","156,102,000","86,222,000","60,080,000","67,152,000","73,460,000","58,797,000","49,384,000","57,523,000","64,429,000","48,552,000","43,063,000","66,500,000","51,003,000","37,897,000","-14,833,000","55,400,000","44,600,000","38,900,000","-24,948,000","41,700,000","37,200,000","33,600,000","-24,417,000","39,300,000","35,000,000","17,100,000","20,920,000","21,700,000","121,400,000","121,400,000","-308,922,000","125,448,000","125,448,000","125,448,000","-290,584,000","123,427,000","123,427,000","123,427,000","-305,200,000","126,400,000","126,400,000","126,400,000","-312,000,000","128,300,000","128,300,000","128,300,000","-278,600,000","118,400,000","118,400,000","118,400,000","-261,200,000","102,400,000","102,400,000","102,400,000","-205,400,000","78,500,000","78,500,000","78,500,000"
NetNonOperatingInterestIncomeExpense,"-50,650,000","-11,050,000","-13,453,000","-13,742,000","-12,405,000","-11,816,000","-7,897,000","-9,620,000","-8,048,000","-7,623,000","-9,172,000","-9,563,000","-10,200,000","-9,724,000","-11,420,000","-12,681,000","-13,123,000","-14,857,000","-14,466,000","-15,376,000","-13,586,000","-13,213,000","-9,867,000","-11,418,000","-12,700,000","-11,579,000","-14,296,000","-11,276,000","-8,700,000","-3,742,000","-7,611,000","-7,200,000","-6,525,000","-3,212,000","-1,787,000","-6,156,000","-4,970,000","-2,079,000","-4,979,000","-9,537,000","-5,518,000",,"-5,158,000","-3,900,000","-3,900,000",,,,,,,,,,,,,,,,,,,,,,,,,,,,,,,,,,,,,,,,,,,,,,,,,,,,,,,,,,,,
	InterestIncomeNonOperating,"26,289,000","6,989,000","6,882,000","6,493,000","5,925,000","6,015,000","5,825,000","6,024,000","4,669,000","4,690,000","3,093,000","3,345,000","2,400,000","2,571,000","1,362,000","2,309,000","4,308,000","2,951,000","2,606,000","2,662,000","3,350,000","4,487,000","4,949,000","3,714,000","3,000,000","2,947,000","2,355,000","3,023,000","4,400,000","8,833,000","7,451,000","7,200,000","5,537,000","5,834,000","5,884,000","5,835,000","5,657,000","6,429,000","3,647,000","585,000","2,268,000",,"2,233,000","3,900,000","4,000,000",,,,,,,,,,,,,,,,,,,,,,,,,,,,,,,,,,,,,,,,,,,,,,,,,,,,,,,,,,,,
	InterestExpenseNonOperating,"71,492,000","19,043,000","18,111,000","17,881,000","16,457,000","14,835,000","13,722,000","15,644,000","12,155,000","11,449,000","12,265,000","12,908,000","12,600,000","13,055,000","12,782,000","14,990,000","17,187,000","18,503,000","16,923,000","18,038,000","16,662,000","17,499,000","14,589,000","15,132,000","15,700,000","14,216,000","16,470,000","14,299,000","13,100,000","12,575,000","15,062,000","14,400,000","12,062,000","9,046,000","7,671,000","11,991,000","10,627,000","8,508,000","8,626,000","10,122,000","7,786,000",,"7,391,000","7,800,000","7,900,000",,,,,,,,,,,,,,,,,,,,,,,,,,,,,,,,,,,,,,,,,,,,,,,,,,,,,,,,,,,,
	TotalOtherFinanceCost,"5,447,000","-1,004,000","2,224,000","2,354,000","1,873,000","2,996,000",,,"562,000","864,000",,,,"-760,000",,,"244,000","-695,000","149,000",,"274,000","201,000","227,000",,,"310,000","181,000",,,,,,,,,,,,,,,,,,,,,,,,,,,,,,,,,,,,,,,,,,,,,,,,,,,,,,,,,,,,,,,,,,,,,,,,,,,,,,
OtherIncomeExpense,"6,092,000","6,272,000","-6,678,000","-2,031,000","7,294,000","-6,660,000","-3,623,000","4,981,000","4,096,000","-4,760,000","8,051,000","-3,206,000","900,000","4,708,000","2,863,000","7,431,000","2,699,000","1,491,000","-8,043,000","-9,634,000","13,500,000","16,068,000","-961,000","1,639,000","-10,200,000","3,336,000","2,038,000","-7,000","-8,100,000","2,074,000","4,347,000","-5,800,000","2,261,000","-25,208,000","-7,053,000","6,961,000","-10,980,000","-22,558,000","-2,609,000","-2,533,000","-10,639,000","11,061,000","-2,090,000","-4,600,000","-9,300,000","-8,975,000","-7,685,000","17,312,000","-439,000","-3,451,000","-10,294,000","-5,208,000","-1,363,000","-6,577,000","-8,038,000","-11,798,000","-1,043,000","-6,543,000","-2,700,000","-8,524,000","-2,030,000","4,145,000","-1,600,000","-2,300,000","-1,500,000","1,895,000","-4,200,000","-1,300,000","1,100,000","-125,000","-2,300,000","-1,200,000","700,000","1,858,000","-3,200,000",,,,,,,,,,,,,,,,,,,,,,,,,,,,,,
	GainOnSaleOfSecurity,"3,129,000","2,879,000","-5,152,000","273,000","3,845,000","2,509,000","-8,836,000","-89,000","-514,000","-1,901,000","5,309,000","-6,375,000","1,700,000","8,671,000","1,019,000","2,579,000","-4,173,000","-2,460,000","-6,695,000","-12,918,000","9,710,000","-4,494,000","-7,741,000","-2,628,000","-1,700,000","-611,000","-2,501,000","-4,079,000","-4,800,000","-9,098,000","-2,384,000","-10,400,000","-4,913,000","-6,320,000","-11,846,000","-4,242,000","-2,899,000","1,068,000","-1,523,000",,"-3,133,000",,"-2,259,000",,,,,,,,,,,,,,,,,,,,,,,,,,,,,,,,,,,,,,,,,,,,,,,,,,,,,,,,,,,,,,
	EarningsFromEquityInterest,"9,786,000","1,010,000","1,955,000","3,416,000","3,406,000","-8,354,000","5,213,000","5,070,000","4,422,000","3,886,000","2,742,000","3,169,000",,"606,000","1,844,000","4,852,000","5,744,000","4,831,000","-1,348,000","3,284,000","3,559,000","2,494,000","6,780,000","4,267,000",,"4,255,000","4,539,000","4,072,000",,,,,"8,064,000","6,894,000","4,876,000","6,382,000","3,657,000","2,382,000","3,301,000",,,,"190,000",,,,,"9,582,000",,"3,701,000",,"1,679,000","456,000","691,000",,,"617,000",,,"1,615,000","147,000",,,,,,,,,,,,,,,,,,,,,,,,,,,,,,,,,,,,,,,,,,,,
	SpecialIncomeCharges,"-6,823,000","2,383,000","-3,481,000","-5,720,000","43,000","-815,000",,,"188,000","-6,745,000",,,,"-4,569,000",,,"1,128,000","-880,000",,,"231,000","18,068,000",,,,"-308,000",,,,"-13,185,000","6,731,000","4,600,000","-890,000","-25,782,000","-83,000","4,821,000","-11,738,000","-26,008,000","-4,387,000","-2,533,000","-7,506,000","11,061,000","-21,000","-4,600,000","-9,300,000","4,489,000","-7,685,000","7,730,000","-439,000","-7,152,000","-10,294,000","-6,887,000","-1,819,000","-7,268,000","-8,038,000","-11,798,000","-1,660,000","-9,139,000","-2,700,000","-10,139,000","-2,177,000","-365,000","-1,600,000","-2,300,000","-1,500,000","-3,633,000","-4,200,000","-1,300,000","1,100,000","371,000","-2,300,000","-1,200,000","700,000","1,858,000","-3,200,000",,,,,,,,,,,,,,,,,,,,,,,,,,,,,,
		RestructuringAndMergernAcquisition,"0",,,,,,,,,"0",,,,,,,,,,,,,,,,"-455,000",,,,,,,,,,,,,,,,,,,,,,,,,,,,,,,,,,,,,,,,,,,,,,,,,,,,,,,,,,,,,,,,,,,,,,,,,,,,,,,
		ImpairmentOfCapitalAssets,"1,709,000","1,709,000","0",,,,,,,,,,,"48,000",,,,,,,,"0",,,,"-358,000",,,,,,,"622,000",,,,,,,,,,,,,,,,,,,,,,,,,,,,,,,,,,,,,,,,,,,,,,,,,,,,,,,,,,,,,,,,,,,,,,,,
		WriteOff,"426,000","-5,453,000","3,200,000","3,233,000","554,000","4,907,000",,,"599,000","3,569,000",,,,"6,978,000",,,"154,000","1,281,000",,,"76,000","-29,000",,,,"-569,000",,,,,,,,,,,,,,,,,,,,,,,,,,,,,,,,,,,,,,,,,,,,,,,,,,,,,,,,,,,,,,,,,,,,,,,,,,,,,,,
		OtherSpecialCharges,"4,688,000","1,361,000","281,000","2,487,000","511,000","1,908,000",,,"742,000","3,767,000",,,,"-1,831,000",,,"-1,279,000","-398,000",,,"-307,000",,,,,,,,,,,,"268,000",,,,"11,738,000",,,,,,,,,,,,,,,,,,,,,,,,,,,,,,,,,,,,,,,,,,,,,,,,,,,,,,,,,,,,,,,,,,,,
		GainOnSaleOfBusiness,"0",,,,,,,,,,,,,,,,,,,,,,,,,"0",,,,,,,,,,,,,,,,,,,,,,,,,,,,,,,,,,,,,,,,,,,,,,,,,,,,,,,,,,,,,,,,,,,,,,,,,,,,,,,
		GainOnSaleOfPPE,,,,,,,,,"331,000","591,000",,,,"626,000",,,"3,000","3,000",,,"0","13,039,000",,,,"160,000",,,,,,,,,,,,,,,,,,,,,,,,,,,,,,,,,,,,,,,,,,,,,,,,,,,,,,,,,,,,,,,,,,,,,,,,,,,,,,,
	OtherNonOperatingIncomeExpenses,"600,000","1,900,000",,,,"14,900,000",,,,"-23,700,000",,,"-800,000","-36,000,000",,,,"-11,900,000",,,,"8,400,000",,,"-8,500,000","-11,400,000",,,"-3,300,000","-2,800,000",,,,,,,,,,,,,,,,,,,,,,,,,,,,,,,,,,,,,,,,,,,,,,,,,,,,,,,,,,,,,,,,,,,,,,,,,,,
PretaxIncome,"390,622,000","94,125,000","86,810,000","96,832,000","112,855,000","162,897,000","114,417,000","182,550,000","161,174,000","154,284,000","153,781,000","140,193,000","146,300,000","134,383,000","80,816,000","117,005,000","82,684,000","73,007,000","23,938,000","111,737,000","99,604,000","95,186,000","98,228,000","100,949,000","110,600,000","93,539,000","177,783,000","143,033,000","198,800,000","186,516,000","225,022,000","257,400,000","204,525,000","208,690,000","196,109,000","177,943,000","151,087,000","129,500,000","124,892,000","141,341,000","97,567,000","93,549,000","103,946,000","103,900,000","106,300,000","143,306,000","228,518,000","158,414,000","82,612,000","56,385,000","56,858,000","65,089,000","54,073,000","38,710,000","49,485,000","52,631,000","43,014,000","32,708,000","42,100,000","39,512,000","32,580,000","27,076,000","36,400,000","23,800,000","19,100,000","17,693,000","17,800,000","15,900,000","14,700,000","12,464,000","15,400,000","11,700,000","11,400,000","9,043,000","12,900,000",,,,,,,,,,,,,,,,,,,,,,,,,,,,,,
TaxProvision,"110,019,000","25,970,000","25,562,000","26,616,000","31,871,000","52,743,000","30,077,000","48,864,000","47,291,000","42,797,000","40,766,000","39,319,000","43,300,000","51,849,000","23,824,000","33,255,000","24,036,000","19,180,000","8,919,000","27,875,000","27,792,000","73,633,000","29,347,000","28,841,000","28,900,000","21,471,000","36,921,000","34,052,000","46,100,000","42,162,000","57,632,000","63,500,000","52,771,000","47,014,000","49,303,000","44,437,000","38,956,000","21,670,000","28,330,000","35,332,000","20,696,000","16,098,000","18,004,000","21,400,000","21,000,000","26,963,000","37,907,000","29,811,000","13,270,000","10,336,000","14,181,000","13,518,000","10,557,000","6,859,000","11,475,000","11,191,000","8,391,000","5,971,000","9,900,000","9,443,000","7,185,000","7,508,000","8,400,000","7,000,000","4,400,000","3,756,000","4,500,000","3,900,000","3,900,000","2,664,000","3,800,000","2,500,000","1,800,000","138,000","3,200,000",,,,,,,,,,,,,,,,,,,,,,,,,,,,,,
NetIncomeCommonStockholders,"278,115,000","66,891,000","60,500,000","70,191,000","80,533,000","108,632,000","83,501,000","133,872,000","113,825,000","110,454,000","112,857,000","101,154,000","103,200,000","80,864,000","55,813,000","83,087,000","58,526,000","51,779,000","13,673,000","83,219,000","71,685,000","18,473,000","66,349,000","71,063,000","81,000,000","68,974,000","138,907,000","107,426,000","151,800,000","141,750,000","165,180,000","192,200,000","150,029,000","158,896,000","143,246,000","132,221,000","111,395,000","105,797,000","94,803,000","105,029,000","76,493,000","75,359,000","85,215,000","83,100,000","86,300,000","120,336,000","190,575,000","125,712,000","64,784,000","44,587,000","41,490,000","50,981,000","42,963,000","29,655,000","36,360,000","40,975,000","34,287,000","26,802,000","32,200,000","29,745,000","24,751,000","18,632,000","25,700,000","15,900,000","14,000,000","10,653,000","13,300,000","12,000,000","10,800,000","9,800,000","11,600,000","9,200,000","9,600,000","8,102,000","8,400,000","6,800,000","6,800,000","6,674,000","6,672,000","6,672,000","6,672,000","12,018,000","12,019,000","12,019,000","12,019,000","16,800,000","16,800,000","16,800,000","16,800,000","15,500,000","15,600,000","15,600,000","15,600,000","17,400,000","17,600,000","17,600,000","17,600,000","10,200,000","10,200,000","10,200,000","10,100,000","5,900,000","5,800,000","5,800,000","5,800,000"
	NetIncome,"278,115,000","66,891,000","60,500,000","70,191,000","80,533,000","108,632,000","83,501,000","133,872,000","113,825,000","110,454,000","112,857,000","101,154,000","103,200,000","80,864,000","55,813,000","83,087,000","58,526,000","51,779,000","13,673,000","83,219,000","71,685,000","18,473,000","66,349,000","71,063,000","81,000,000","68,974,000","138,907,000","107,426,000","151,800,000","141,750,000","165,180,000","192,200,000","150,029,000","158,896,000","143,246,000","132,221,000","111,395,000","105,797,000","94,803,000","105,029,000","76,493,000","75,359,000","85,215,000","83,100,000","86,300,000","120,336,000","190,575,000","125,712,000","64,784,000","44,587,000","41,490,000","50,981,000","42,963,000","29,655,000","36,360,000","40,975,000","34,287,000","26,802,000","32,200,000","29,745,000","24,751,000","18,632,000","25,700,000","15,900,000","14,000,000","10,653,000","13,300,000","12,000,000","10,800,000","9,800,000","11,600,000","9,200,000","9,600,000","8,102,000","8,400,000","6,800,000","6,800,000","6,674,000","6,672,000","6,672,000","6,672,000","12,018,000","12,019,000","12,019,000","12,019,000","16,800,000","16,800,000","16,800,000","16,800,000","15,500,000","15,600,000","15,600,000","15,600,000","17,400,000","17,600,000","17,600,000","17,600,000","10,200,000","10,200,000","10,200,000","10,100,000","5,900,000","5,800,000","5,800,000","5,800,000"
		NetIncomeIncludingNoncontrollingInterests,"280,603,000","68,155,000","61,248,000","70,216,000","80,984,000","110,154,000","84,340,000","133,686,000","113,883,000","111,487,000","113,015,000","100,874,000","103,000,000","82,534,000","56,992,000","83,750,000","58,648,000","53,827,000","15,019,000","83,862,000","71,812,000","21,553,000","68,881,000","72,108,000","81,700,000","72,068,000","140,862,000","108,981,000","152,700,000","144,354,000","167,390,000","193,900,000","151,754,000","161,676,000","146,806,000","133,506,000","112,131,000","107,830,000","96,562,000","106,009,000","76,871,000","77,451,000","85,942,000","83,100,000","86,300,000","116,343,000","190,611,000","128,603,000","69,342,000","46,049,000","42,677,000","51,571,000","43,516,000","31,851,000","38,010,000","41,457,000","34,674,000","26,760,000","32,200,000","30,111,000","25,455,000","23,771,000","25,700,000","15,900,000","14,000,000","14,307,000","13,300,000","12,000,000","10,800,000","12,161,000","11,600,000","9,200,000","9,600,000","10,485,000","8,400,000","6,800,000","6,800,000","9,604,000","6,672,000","6,672,000","6,672,000","15,126,000","12,019,000","12,019,000","12,019,000","20,000,000","16,800,000","16,800,000","16,800,000","16,800,000","15,600,000","15,600,000","15,600,000","21,300,000","17,600,000","17,600,000","17,600,000","11,700,000","10,200,000","10,200,000","10,100,000","6,400,000","5,800,000","5,800,000","5,800,000"
			NetIncomeContinuousOperations,"280,603,000","68,155,000","61,248,000","70,216,000","80,984,000","110,154,000","84,340,000","133,686,000","113,883,000","111,487,000","113,015,000","100,874,000","103,000,000","82,534,000","56,992,000","83,750,000","58,648,000","53,827,000","15,019,000","83,862,000","71,812,000","21,553,000","68,881,000","72,108,000","81,700,000","72,068,000","140,862,000","108,981,000","152,700,000","144,354,000","167,390,000","193,900,000","151,754,000","161,676,000","146,806,000","133,506,000","112,131,000","107,830,000","96,562,000","106,009,000","76,871,000","77,451,000","85,942,000","83,100,000","86,300,000","123,828,000","190,575,000","125,712,000","64,784,000","44,587,000","41,490,000","50,981,000","42,963,000","29,655,000","36,360,000","40,975,000","34,287,000","26,802,000","32,200,000","29,745,000","24,751,000","18,632,000","25,700,000","15,900,000","14,000,000","10,653,000","13,300,000","12,000,000","10,800,000","9,800,000","11,600,000","9,200,000","9,600,000","12,622,000","8,400,000","6,800,000","6,800,000","6,674,000","6,672,000","6,672,000","6,672,000","12,018,000","12,019,000","12,019,000","12,019,000","16,800,000","16,800,000","16,800,000","16,800,000","15,500,000","15,600,000","15,600,000","15,600,000","17,400,000","17,600,000","17,600,000","17,600,000","10,200,000","10,200,000","10,200,000","10,100,000","5,900,000","5,800,000","5,800,000","5,800,000"
			NetIncomeDiscontinuousOperations,,,,,,,,,,,,,,,,,,,,,,,,,,,,,,,,,,,,,,,"0","0",,,"0",,,,,,,,,,,,,,,,,,,,,,,,,,,,,,,,,,,,,,,,,,,,,,,,,,,,,,,,,,,,,,
		MinorityInterests,"-2,488,000","-1,264,000","-748,000","-25,000","-451,000","-1,522,000","-839,000","186,000","-58,000","-1,033,000","-158,000","280,000","200,000","-1,670,000","-1,179,000","-663,000","-122,000","-2,048,000","-1,346,000","-643,000","-127,000","-3,080,000","-2,532,000","-1,045,000","-700,000","-3,094,000","-1,955,000","-1,555,000","-900,000","-2,604,000","-2,210,000","-1,700,000","-1,725,000","-2,780,000","-3,560,000","-1,285,000","-736,000","-2,033,000","-1,759,000","-980,000","-378,000","-2,092,000","-727,000",,,"3,993,000","-36,000","-2,891,000","-4,558,000","-1,462,000","-1,187,000","-590,000","-553,000","-2,196,000","-1,650,000","-482,000","-387,000","42,000",,"-366,000","-704,000",,,,,,,,,,,,,,,,,,,,,,,,,,,,,,,,,,,,,,,,,,,,
DilutedNIAvailtoComStockholders,"278,115,000","66,891,000","60,500,000","70,191,000","80,533,000","108,632,000","83,501,000","133,872,000","113,825,000","110,454,000","112,857,000","101,154,000","103,200,000","80,864,000","55,813,000","83,087,000","58,526,000","51,779,000","13,673,000","83,219,000","71,685,000","18,473,000","66,349,000","71,063,000","81,000,000","68,974,000","138,907,000","107,426,000","151,800,000","141,750,000","165,180,000","192,200,000","150,029,000","158,896,000","143,246,000","132,221,000","111,395,000","105,797,000","94,803,000","105,029,000","76,493,000","75,359,000","85,215,000","83,100,000","86,300,000","120,336,000","190,575,000","125,712,000","64,784,000","44,587,000","41,490,000","50,981,000","42,963,000","29,655,000","36,360,000","40,975,000","34,287,000","26,802,000","32,200,000","29,745,000","24,751,000","18,632,000","25,700,000","15,900,000","14,000,000","10,653,000","13,300,000","12,000,000","10,800,000","9,800,000","11,600,000","9,200,000","9,600,000","8,102,000","8,400,000","6,800,000","6,800,000","6,674,000","6,672,000","6,672,000","6,672,000","12,018,000","12,019,000","12,019,000","12,019,000","16,800,000","16,800,000","16,800,000","16,800,000","15,500,000","15,600,000","15,600,000","15,600,000","17,400,000","17,600,000","17,600,000","17,600,000","10,200,000","10,200,000","10,200,000","10,100,000","5,900,000","5,800,000","5,800,000","5,800,000"
BasicEPS,,"0.25","0.267","0.267","0.306","0.41","0.317","0.509","0.395","0.42","0.429","0.384","0.39","0.31","0.212","0.316","0.222","0.17","0.052","0.316","0.272","0.3","0.252","0.27","0.31","0.26","0.528","0.408","0.58","0.54","0.628","0.73","0.57",,"0.544","0.502","0.423",,"0.36","0.399","0.291",,"0.324","0.316","0.328",,"0.724","0.478","0.246",,"0.158","0.194","0.163",,"0.138","0.156","0.13",,"0.122","0.113","0.094",,"0.098","0.06","0.053",,"0.05","0.046","0.041",,"0.044","0.035","0.036",,"0.032","0.026","0.026",,"0.023","0.023","0.023",,"0.04","0.04","0.04",,"0.067","0.067","0.067",,"0.065","0.065","0.065",,"0.078","0.078","0.078",,"0.053","0.053","0.053",,"0.029","0.029","0.029"
DilutedEPS,,"0.25","0.267","0.267","0.306","0.41","0.317","0.509","0.395","0.42","0.429","0.384","0.39","0.31","0.212","0.316","0.222","0.17","0.052","0.316","0.272","0.3","0.252","0.27","0.31","0.26","0.528","0.408","0.58","0.54","0.628","0.73","0.57",,"0.544","0.502","0.423",,"0.36","0.399","0.291",,"0.324","0.316","0.328",,"0.724","0.478","0.246",,"0.158","0.194","0.163",,"0.138","0.156","0.13",,"0.122","0.113","0.094",,"0.098","0.06","0.053",,"0.05","0.046","0.041",,"0.044","0.035","0.036",,"0.032","0.026","0.026",,"0.023","0.023","0.023",,"0.04","0.04","0.04",,"0.067","0.067","0.067",,"0.065","0.065","0.065",,"0.078","0.078","0.078",,"0.053","0.053","0.053",,"0.029","0.029","0.029"
BasicAverageShares,,"267,600,000","226,846,644","263,183,352","263,196,524","264,878,049","263,244,010","263,216,673","263,196,524","263,095,238","263,192,631","263,216,237","264,615,385","260,967,742","263,268,868","263,183,402","263,196,524","262,352,941","263,448,940","263,267,953","263,196,524","260,000,000","263,185,244","263,196,296","261,290,323","265,384,615","263,181,129","263,170,015","261,724,138","262,592,593","263,196,524","263,287,671","263,196,524",,"263,196,524","263,196,524","263,196,524",,"263,196,524","263,164,620","263,196,524",,"263,196,524",,"263,196,524",,"263,196,520","263,196,520","263,196,520",,"263,196,520","263,196,520","263,196,520",,"263,196,520","263,196,520","263,196,520",,"263,196,520","263,197,000","263,197,000",,"263,196,520","263,196,520","263,196,520",,"263,196,520","263,196,520","263,196,520",,"263,196,520","263,196,520","263,196,520",,"263,196,520","261,538,462","261,538,462",,"296,533,333","296,533,333","296,533,333",,"300,475,000","300,475,000","300,475,000",,"250,746,269","250,746,269","250,746,269",,"240,000,000","240,000,000","240,000,000",,"225,641,026","225,641,026","225,641,026",,"192,452,830","192,452,830","190,566,038",,"200,000,000","200,000,000","200,000,000"
DilutedAverageShares,,"267,600,000","226,846,644","263,183,352","263,196,524","264,878,049","263,244,010","263,216,673","263,196,524","263,095,238","263,192,631","263,216,237","264,615,385","260,967,742","263,268,868","263,183,402","263,196,524","262,352,941","263,448,940","263,267,953","263,196,524","260,000,000","263,185,244","263,196,296","261,290,323","265,384,615","263,181,129","263,170,015","261,724,138","262,592,593","263,196,524","263,287,671","263,196,524",,"263,196,524","263,196,524","263,196,524",,"263,196,524","263,164,620","263,196,524",,"263,196,524",,"263,196,524",,"263,196,520","263,196,520","263,196,520",,"263,196,520","263,196,520","263,196,520",,"263,196,520","263,196,520","263,196,520",,"263,196,520","263,197,000","263,197,000",,"263,196,520","263,196,520","263,196,520",,"263,196,520","263,196,520","263,196,520",,"263,196,520","263,196,520","263,196,520",,"263,196,520","261,538,462","261,538,462",,"296,533,333","296,533,333","296,533,333",,"300,475,000","300,475,000","300,475,000",,"250,746,269","250,746,269","250,746,269",,"240,000,000","240,000,000","240,000,000",,"225,641,026","225,641,026","225,641,026",,"192,452,830","192,452,830","190,566,038",,"200,000,000","200,000,000","200,000,000"
TotalOperatingIncomeAsReported,"433,655,000","105,289,000","103,471,000","106,885,000","118,009,000","190,226,000","125,937,000","187,189,000","165,314,000","159,922,000","154,902,000","152,962,000",,"142,466,000","89,373,000","122,255,000","94,236,000","85,493,000","46,447,000","136,747,000","99,921,000","110,399,000","109,056,000","110,728,000",,"101,474,000","190,041,000","154,316,000",,"195,030,000","228,286,000",,"207,850,000","204,383,000","204,949,000",,"167,037,000","111,621,000","131,782,000",,"113,724,000","99,942,000","112,903,000","112,300,000","119,500,000","150,772,000","239,060,000","156,102,000","86,222,000","60,080,000","67,152,000","73,460,000","58,797,000","49,384,000","57,523,000","64,429,000","48,552,000","43,063,000","49,200,000","51,003,000","37,897,000","30,667,000","39,600,000","29,800,000","24,000,000","20,152,000","26,600,000","21,800,000","18,800,000","21,983,000","24,100,000","19,500,000","17,100,000","20,920,000","21,700,000",,,,,,,,,,,,,,,,,,,,,,,,,,,,,,
RentExpenseSupplemental,"47,007,000","13,505,000","12,786,000","8,255,000","12,461,000","15,303,000",,,"21,054,000","10,129,000",,,,"31,945,000",,,"23,189,000","27,900,000",,,,,,,,,,,,,,,,,,,,,,,,,,,,,,,,,,,,,,,,,,,,,,,,,,,,,,,,,,,,,,,,,,,,,,,,,,,,,,,,,,,,,,,
TotalExpenses,"1,508,475,000","373,316,000","366,124,000","381,527,000","386,272,000","385,503,000","417,218,000","451,508,000","353,598,000","408,107,000","403,783,000","352,757,000","376,200,000","414,417,000","414,675,000","367,359,000","298,737,000","324,971,000","398,773,000","347,502,000","287,829,000","399,085,000","357,369,000","411,573,000","400,600,000","390,428,000","331,033,000","412,143,000","407,800,000","412,768,000","386,966,000","412,900,000","320,836,000","313,371,000","369,730,000","374,527,000","312,998,000","357,410,000","327,686,000","323,334,000","274,799,000","287,767,000","270,878,000","193,700,000","201,400,000","247,122,000","350,045,000","304,683,000","240,113,000","246,161,000","255,342,000","248,183,000","178,352,000","217,657,000","213,598,000","221,159,000","170,584,000","171,809,000","178,400,000","178,719,000","168,605,000","199,749,000","168,300,000","163,700,000","132,700,000","188,554,000","161,500,000","136,300,000","117,900,000","164,426,000","118,400,000","104,300,000","100,300,000","106,519,000","134,500,000",,,,,,,,,,,,,,,,,,,,,,,,,,,,,,
NetIncomeFromContinuingAndDiscontinuedOperation,"278,115,000","66,891,000","60,500,000","70,191,000","80,533,000","108,632,000","83,501,000","133,872,000","113,825,000","110,454,000","112,857,000","101,154,000","103,200,000","80,864,000","55,813,000","83,087,000","58,526,000","51,779,000","13,673,000","83,219,000","71,685,000","18,473,000","66,349,000","71,063,000","81,000,000","68,974,000","138,907,000","107,426,000","151,800,000","141,750,000","165,180,000","192,200,000","150,029,000","158,896,000","143,246,000","132,221,000","111,395,000","105,797,000","94,803,000","105,029,000","76,493,000","75,359,000","85,215,000","83,100,000","86,300,000","120,336,000","190,575,000","125,712,000","64,784,000","44,587,000","41,490,000","50,981,000","42,963,000","29,655,000","36,360,000","40,975,000","34,287,000","26,802,000","32,200,000","29,745,000","24,751,000","18,632,000","25,700,000","15,900,000","14,000,000","10,653,000","13,300,000","12,000,000","10,800,000","9,800,000","11,600,000","9,200,000","9,600,000","12,622,000","8,400,000","6,800,000","6,800,000","6,674,000","6,672,000","6,672,000","6,672,000","12,018,000","12,019,000","12,019,000","12,019,000","16,800,000","16,800,000","16,800,000","16,800,000","15,500,000","15,600,000","15,600,000","15,600,000","17,400,000","17,600,000","17,600,000","17,600,000","10,200,000","10,200,000","10,200,000","10,100,000","5,900,000","5,800,000","5,800,000","5,800,000"
NormalizedIncome,"280,767,292","63,080,836.813","66,590,934.04","74,140,795.026","77,742,996.97","107,486,485.497","90,014,264.987","133,937,176.96","114,055,346.445","116,701,677.024","108,955,369.532","105,741,046.072","102,003,200","78,344,674.877","55,094,394.179","81,240,999.829","60,685,827.294","54,241,533.456","17,873,526.569","92,914,349.938","64,517,786.916","7,613,800","71,777,267.103","72,940,183.766","82,256,300","69,682,052.171","140,888,606.014","110,533,908.657","155,486,921.529","158,995,920.897","161,946,341.38","196,569,153.069","154,334,725.276","183,766,012.708","152,175,976.564","131,786,591.375","122,258,022.279","126,563,642.471","99,372,399.321","106,928,808.244","84,875,245.729","66,201,387.294","87,100,091.875","86,752,550.529","93,762,746.943","116,691,604.601","196,985,197.599","119,436,663.287","65,152,483.247","50,427,958.553","49,216,565.092","56,437,674.354","44,426,865.589","35,635,187.755","42,534,080.63","50,264,375.463","35,623,173.804","34,272,632.353","34,265,083.135","37,460,873.431","26,447,897.33","18,895,787.856","26,930,769.231","17,523,529.412","15,154,450.262","13,514,760.075","16,438,202.247","12,981,132.075","9,991,836.735","9,508,295.892","13,332,467.532","10,143,589.744","9,010,526.316","10,792,353.865","10,806,201.55","6,800,000","6,800,000","6,674,000","6,672,000","6,672,000","6,672,000","12,018,000","12,019,000","12,019,000","12,019,000","16,800,000","16,800,000","16,800,000","16,800,000","15,500,000","15,600,000","15,600,000","15,600,000","17,400,000","17,600,000","17,600,000","17,600,000","10,200,000","10,200,000","10,200,000","10,100,000","5,900,000","5,800,000","5,800,000","5,800,000"
InterestIncome,"26,289,000","6,989,000","6,882,000","6,493,000","5,925,000","6,015,000","5,825,000","6,024,000","4,669,000","4,690,000","3,093,000","3,345,000","2,400,000","2,571,000","1,362,000","2,309,000","4,308,000","2,951,000","2,606,000","2,662,000","3,350,000","4,487,000","4,949,000","3,714,000","3,000,000","2,947,000","2,355,000","3,023,000","4,400,000","8,833,000","7,451,000","7,200,000","5,537,000","5,834,000","5,884,000","5,835,000","5,657,000","6,429,000","3,647,000","585,000","2,268,000",,"2,233,000","3,900,000","4,000,000",,,,,,,,,,,,,,,,,,,,,,,,,,,,,,,,,,,,,,,,,,,,,,,,,,,,,,,,,,,,
InterestExpense,"71,492,000","19,043,000","18,111,000","17,881,000","16,457,000","14,835,000","13,722,000","15,644,000","12,155,000","11,449,000","12,265,000","12,908,000","12,600,000","13,055,000","12,782,000","14,990,000","17,187,000","18,503,000","16,923,000","18,038,000","16,662,000","17,499,000","14,589,000","15,132,000","15,700,000","14,216,000","16,470,000","14,299,000","13,100,000","12,575,000","15,062,000","14,400,000","12,062,000","9,046,000","7,671,000","11,991,000","10,627,000","8,508,000","8,626,000","10,122,000","7,786,000",,"7,391,000","7,800,000","7,900,000",,,,,,,,,,,,,,,,,,,,,,,,,,,,,,,,,,,,,,,,,,,,,,,,,,,,,,,,,,,,
NetInterestIncome,"-50,650,000","-11,050,000","-13,453,000","-13,742,000","-12,405,000","-11,816,000","-7,897,000","-9,620,000","-8,048,000","-7,623,000","-9,172,000","-9,563,000","-10,200,000","-9,724,000","-11,420,000","-12,681,000","-13,123,000","-14,857,000","-14,466,000","-15,376,000","-13,586,000","-13,213,000","-9,867,000","-11,418,000","-12,700,000","-11,579,000","-14,296,000","-11,276,000","-8,700,000","-3,742,000","-7,611,000","-7,200,000","-6,525,000","-3,212,000","-1,787,000","-6,156,000","-4,970,000","-2,079,000","-4,979,000","-9,537,000","-5,518,000",,"-5,158,000","-3,900,000","-3,900,000",,,,,,,,,,,,,,,,,,,,,,,,,,,,,,,,,,,,,,,,,,,,,,,,,,,,,,,,,,,,
EBIT,"462,114,000","113,168,000","104,921,000","114,713,000","129,312,000","177,732,000","128,139,000","198,194,000","173,329,000","165,733,000","166,046,000","153,101,000","158,900,000","147,438,000","93,598,000","131,995,000","99,871,000","91,510,000","40,861,000","129,775,000","116,266,000","112,685,000","112,817,000","116,081,000","126,300,000","107,755,000","194,253,000","157,332,000","211,900,000","199,091,000","240,084,000","271,800,000","216,587,000","217,736,000","203,780,000","189,934,000","161,714,000","138,008,000","133,518,000","151,463,000","105,353,000","93,935,000","111,337,000","111,700,000","114,200,000","151,423,000","239,060,000","156,102,000","86,222,000","60,080,000","67,152,000","73,460,000","58,797,000","49,384,000","57,523,000","64,429,000","48,552,000","43,063,000","66,500,000","51,003,000","37,897,000","-14,833,000","55,400,000","44,600,000","38,900,000","-24,948,000","41,700,000","37,200,000","33,600,000","-24,417,000","39,300,000","35,000,000","17,100,000","20,920,000","21,700,000","121,400,000","121,400,000","-308,922,000","125,448,000","125,448,000","125,448,000","-290,584,000","123,427,000","123,427,000","123,427,000","-305,200,000","126,400,000","126,400,000","126,400,000","-312,000,000","128,300,000","128,300,000","128,300,000","-278,600,000","118,400,000","118,400,000","118,400,000","-261,200,000","102,400,000","102,400,000","102,400,000","-205,400,000","78,500,000","78,500,000","78,500,000"
EBITDA,"464,756,000"
ReconciledCostOfRevenue,"1,383,603,000","334,380,000","338,878,000","351,604,000","358,741,000","363,694,000","379,466,000","414,317,000","326,047,000","358,660,000","370,148,000","325,812,000","354,000,000","348,987,000","358,332,000","342,682,000","278,285,000","293,353,000","315,707,000","319,699,000","256,824,000","351,044,000","323,996,000","376,953,000","379,300,000","345,943,000","372,594,000","378,613,000","384,500,000","366,616,000","352,924,000","387,600,000","247,941,000","322,988,000","332,987,000","342,090,000","292,430,000","334,046,000","308,297,000","305,042,000","257,025,000","267,635,000","252,646,000","174,700,000","180,400,000","225,450,000","327,950,000","256,167,000","196,800,000","225,795,000","237,485,000","205,893,000","141,201,000","174,370,000","195,945,000","179,705,000","133,574,000","136,469,000","161,974,000","145,969,000","137,760,000","183,644,000","156,000,000","149,600,000","119,500,000","174,364,000","149,200,000","123,300,000","107,000,000","150,383,000","107,300,000","92,500,000","75,200,000","141,971,000","108,100,000",,,,,,,,,,,,,,,,,,,,,,,,,,,,,,
ReconciledDepreciation,"2,642,000","1,433,000","405,000","403,000","401,000","1,662,000",,,"25,000","31,000",,,,"29,000",,,"2,142,000","151,000",,,"63,000","4,892,000",,,,"77,000",,,,"50,182,000",,,"46,966,000","56,714,000","50,967,000","52,095,000","42,138,000","46,669,000","35,615,000","35,304,000","32,374,000","39,996,000","48,839,000","30,651,000","35,063,000","27,756,000","33,515,000","26,266,000","25,951,000","26,761,000","25,491,000","25,061,000","23,477,000","24,765,000","22,595,000","23,988,000","22,082,000","20,989,000","17,626,000","16,911,000","16,893,000","-44,630,000","15,900,000","14,800,000","14,800,000","-44,336,000","15,100,000","15,400,000","14,800,000","-45,595,000","15,200,000","15,400,000","15,700,000","-47,506,000","16,100,000",,,,,,,,,,,,,,,,,,,,,,,,,,,,,,
NetIncomeFromContinuingOperationNetMinorityInterest,"278,115,000","66,891,000","60,500,000","70,191,000","80,533,000","108,632,000","83,501,000","133,872,000","113,825,000","110,454,000","112,857,000","101,154,000","103,200,000","80,864,000","55,813,000","83,087,000","58,526,000","51,779,000","13,673,000","83,219,000","71,685,000","18,473,000","66,349,000","71,063,000","81,000,000","68,974,000","138,907,000","107,426,000","151,800,000","141,750,000","165,180,000","192,200,000","150,029,000","158,896,000","143,246,000","132,221,000","111,395,000","105,797,000","94,803,000","105,029,000","76,493,000","75,359,000","85,215,000","83,100,000","86,300,000","120,336,000","190,575,000","125,712,000","64,784,000","44,587,000","41,490,000","50,981,000","42,963,000","29,655,000","36,360,000","40,975,000","34,287,000","26,802,000","32,200,000","29,745,000","24,751,000","18,632,000","25,700,000","15,900,000","14,000,000","10,653,000","13,300,000","12,000,000","10,800,000","9,800,000","11,600,000","9,200,000","9,600,000","12,622,000","8,400,000","6,800,000","6,800,000","6,674,000","6,672,000","6,672,000","6,672,000","12,018,000","12,019,000","12,019,000","12,019,000","16,800,000","16,800,000","16,800,000","16,800,000","15,500,000","15,600,000","15,600,000","15,600,000","17,400,000","17,600,000","17,600,000","17,600,000","10,200,000","10,200,000","10,200,000","10,100,000","5,900,000","5,800,000","5,800,000","5,800,000"
TotalUnusualItemsExcludingGoodwill,"-3,694,000","5,262,000","-8,633,000","-5,447,000","3,888,000","1,694,000","-8,836,000","-89,000","-326,000","-8,646,000","5,309,000","-6,375,000","1,700,000","4,102,000","1,019,000","2,579,000","-3,045,000","-3,340,000","-6,695,000","-12,918,000","9,941,000","13,574,000","-7,741,000","-2,628,000","-1,700,000","-919,000","-2,501,000","-4,079,000","-4,800,000","-22,283,000","4,347,000","-5,800,000","-5,803,000","-32,102,000","-11,929,000","579,000","-14,637,000","-24,940,000","-5,910,000","-2,533,000","-10,639,000","11,061,000","-2,280,000","-4,600,000","-9,300,000","4,489,000","-7,685,000","7,730,000","-439,000","-7,152,000","-10,294,000","-6,887,000","-1,819,000","-7,268,000","-8,038,000","-11,798,000","-1,660,000","-9,139,000","-2,700,000","-10,139,000","-2,177,000","-365,000","-1,600,000","-2,300,000","-1,500,000","-3,633,000","-4,200,000","-1,300,000","1,100,000","371,000","-2,300,000","-1,200,000","700,000","1,858,000","-3,200,000",,,,,,,,,,,,,,,,,,,,,,,,,,,,,,
TotalUnusualItems,"-3,694,000","5,262,000","-8,633,000","-5,447,000","3,888,000","1,694,000","-8,836,000","-89,000","-326,000","-8,646,000","5,309,000","-6,375,000","1,700,000","4,102,000","1,019,000","2,579,000","-3,045,000","-3,340,000","-6,695,000","-12,918,000","9,941,000","13,574,000","-7,741,000","-2,628,000","-1,700,000","-919,000","-2,501,000","-4,079,000","-4,800,000","-22,283,000","4,347,000","-5,800,000","-5,803,000","-32,102,000","-11,929,000","579,000","-14,637,000","-24,940,000","-5,910,000","-2,533,000","-10,639,000","11,061,000","-2,280,000","-4,600,000","-9,300,000","4,489,000","-7,685,000","7,730,000","-439,000","-7,152,000","-10,294,000","-6,887,000","-1,819,000","-7,268,000","-8,038,000","-11,798,000","-1,660,000","-9,139,000","-2,700,000","-10,139,000","-2,177,000","-365,000","-1,600,000","-2,300,000","-1,500,000","-3,633,000","-4,200,000","-1,300,000","1,100,000","371,000","-2,300,000","-1,200,000","700,000","1,858,000","-3,200,000",,,,,,,,,,,,,,,,,,,,,,,,,,,,,,
NormalizedEBITDA,"468,450,000","109,339,000","113,959,000","120,563,000","125,825,000","177,700,000","136,975,000","198,283,000","173,680,000","174,410,000","160,737,000","159,476,000","157,200,000","143,365,000","92,579,000","129,416,000","105,058,000","95,001,000","47,556,000","142,693,000","106,388,000","104,003,000","120,558,000","118,709,000","128,000,000","108,751,000","196,754,000","161,411,000","216,700,000","271,556,000","235,737,000","277,600,000","269,356,000","306,552,000","266,676,000","241,450,000","218,489,000","209,617,000","175,043,000","189,300,000","148,366,000","122,870,000","162,456,000","146,951,000","158,563,000","174,690,000","280,260,000","174,638,000","112,612,000","93,993,000","102,937,000","105,408,000","84,093,000","81,417,000","88,156,000","100,215,000","72,294,000","73,191,000","86,826,000","78,053,000","56,967,000","-14,468,000","72,900,000","61,700,000","55,200,000","-21,315,000","61,000,000","53,900,000","47,300,000","-24,788,000","56,800,000","51,600,000","32,100,000","19,062,000","41,000,000","121,400,000","121,400,000","-308,922,000","125,448,000","125,448,000","125,448,000","-290,584,000","123,427,000","123,427,000","123,427,000","-305,200,000","126,400,000","126,400,000","126,400,000","-312,000,000","128,300,000","128,300,000","128,300,000","-278,600,000","118,400,000","118,400,000","118,400,000","-261,200,000","102,400,000","102,400,000","102,400,000","-205,400,000","78,500,000","78,500,000","78,500,000"
TaxRateForCalcs,"0.282","0.276","0.294","0.275","0.282","0.324","0.263","0.268","0.293","0.277","0.265","0.28","0.296","0.386","0.295","0.284","0.291","0.263","0.373","0.249","0.279","0.2","0.299","0.286","0.261","0.23","0.208","0.238","0.232","0.226","0.256","0.247","0.258","0.225","0.251","0.25","0.258","0.167","0.227","0.25","0.212","0.172","0.173","0.206","0.198","0.188","0.166","0.188","0.161","0.183","0.249","0.208","0.195","0.177","0.232","0.213","0.195","0.183","0.235","0.239","0.221","0.277","0.231","0.294","0.23","0.212","0.253","0.245","0.265","0.214","0.247","0.214","0.158","0.015","0.248","0.4","0.4","0.4","0.4","0.4","0.4","0.4","0.4","0.4","0.4","0.4","0.4","0.4","0.4","0.4","0.4","0.4","0.4","0.4","0.4","0.4","0.4","0.4","0.4","0.4","0.4","0.4","0.4","0.4","0.4"
TaxEffectOfUnusualItems,"-1,041,708","1,451,836.813","-2,542,065.96","-1,497,204.974","1,097,996.97","548,485.497","-2,322,735.013","-23,823.04","-95,653.555","-2,398,322.976","1,407,369.532","-1,787,953.928","503,200","1,582,674.877","300,394.179","732,999.829","-885,172.706","-877,466.544","-2,494,473.431","-3,222,650.062","2,773,786.916","2,714,800","-2,312,732.897","-750,816.234","-443,700","-210,947.829","-519,393.986","-971,091.343","-1,113,078.471","-5,037,079.103","1,113,341.38","-1,430,846.931","-1,497,274.724","-7,231,987.292","-2,999,023.436","144,591.375","-3,773,977.721","-4,173,357.529","-1,340,600.679","-633,191.756","-2,256,754.271","1,903,387.294","-394,908.125","-947,449.471","-1,837,253.057","844,604.601","-1,274,802.401","1,454,663.287","-70,516.753","-1,311,041.447","-2,567,434.908","-1,430,325.646","-355,134.411","-1,287,812.245","-1,863,919.37","-2,508,624.537","-323,826.196","-1,668,367.647","-634,916.865","-2,423,126.569","-480,102.67","-101,212.144","-369,230.769","-676,470.588","-345,549.738","-771,239.925","-1,061,797.753","-318,867.925","291,836.735","79,295.892","-567,532.468","-256,410.256","110,526.316","28,353.865","-793,798.45","0","0","0","0","0","0","0","0","0","0","0","0","0","0","0","0","0","0","0","0","0","0","0","0","0","0","0","0","0","0"