name,ttm,12/31/2019,12/31/2018,12/31/2017,12/31/2016,12/31/2015,12/31/2014,09/30/2014,09/30/2013,09/30/2012,09/30/2011,09/30/2010,09/30/2009,09/30/2008,09/30/2007,09/30/2006,09/30/2005,09/30/2004,09/30/2003,09/30/2002,09/30/2001,09/30/2000,09/30/1999,09/30/1998
TotalRevenue,"1,048,088,000","1,043,862,000","1,058,800,000","640,345,000","475,256,000","373,967,000","284,478,000","265,358,000","139,859,000","128,798,000","121,519,000","120,535,000","133,823,000","116,382,000","104,583,000","101,909,000","103,778,000","73,099,000","55,285,000","48,151,000","39,440,000","36,256,000","33,800,000","4,817,000"
	NetInterestIncome,"895,189,000","918,923,000","967,403,000","576,143,000","404,269,000","311,216,000","232,349,000","217,988,000","112,167,000","96,464,000","91,290,000","93,334,000","93,870,000","95,340,000","84,738,000","84,757,000","85,870,000","61,526,000","45,730,000","42,750,000","34,734,000","32,865,000","30,700,000","27,068,000"
		InterestIncome,"1,166,667,000","1,202,540,000","1,208,473,000","682,449,000","461,551,000","348,141,000","262,283,000","246,906,000","132,061,000","115,037,000","112,614,000","119,774,000","131,590,000","148,982,000","151,626,000","135,616,000","115,270,000","74,508,000","57,790,000","59,951,000","60,978,000","58,899,000","52,300,000","47,948,000"
			InterestIncomeFromLoansAndLease,"1,004,513,000","1,029,369,000","1,006,496,000","570,761,000","390,847,000","292,496,000","217,163,000","202,982,000","107,810,000","91,010,000","89,500,000","92,542,000","97,149,000","107,633,000","109,940,000","95,531,000","80,773,000","54,093,000","43,815,000","44,967,000","46,434,000","45,043,000","40,200,000",
				InterestIncomeFromLoans,"1,004,513,000","1,029,369,000","1,006,496,000","570,761,000","390,847,000","292,496,000","217,163,000","202,982,000","107,810,000","91,010,000",,"92,542,000","97,149,000","107,633,000","109,940,000","95,531,000","80,773,000","54,093,000","43,815,000","44,967,000","46,434,000","45,043,000","40,200,000",
			InterestIncomeFromSecurities,"141,547,000","150,625,000","177,033,000","102,523,000","66,209,000","51,445,000","41,735,000","40,520,000","23,191,000","23,035,000","21,934,000","25,982,000","33,072,000","38,779,000","39,264,000","38,565,000","34,353,000","20,231,000","13,586,000","14,496,000","13,916,000","13,268,000","11,700,000",
			OtherInterestIncome,"20,607,000","22,546,000","24,944,000","9,165,000","4,495,000","4,200,000","3,385,000","3,404,000","1,060,000","992,000","1,180,000","1,250,000","1,369,000","2,570,000","2,422,000","1,520,000","144,000","184,000","389,000","488,000","628,000","588,000","400,000",
		InterestExpense,"271,478,000","283,617,000","241,070,000","106,306,000","57,282,000","36,925,000","29,934,000","28,918,000","19,894,000","18,573,000","21,324,000","26,440,000","37,720,000","53,642,000","66,888,000","50,859,000","29,400,000","12,982,000","12,060,000","17,201,000","26,244,000","26,034,000","21,600,000","20,880,000"
			InterestExpenseForDeposit,"192,147,000","192,361,000","130,096,000","56,110,000","33,189,000","17,478,000","9,953,000","8,964,000","5,923,000","5,581,000","6,104,000","8,517,000","18,375,000","28,344,000","36,439,000","26,802,000","16,076,000","7,901,000","7,775,000","11,701,000","19,423,000","18,721,000","17,500,000",
			InterestExpenseForLongTermDebtAndCapitalSecurities,"79,331,000","91,256,000","110,974,000","50,196,000","24,093,000","19,447,000","19,981,000","19,954,000","13,971,000","12,992,000","15,220,000","17,923,000","19,345,000","25,298,000","30,449,000","24,057,000","13,324,000","5,081,000","4,285,000","5,500,000","6,821,000","7,313,000","4,100,000",
			OtherInterestExpense,,,,,,,,,,,,,"36,750,000",,,,,,,,,,,
	NonInterestIncome,"152,899,000","124,939,000","91,397,000","64,202,000","70,987,000","62,751,000","52,129,000","47,370,000","27,692,000","32,334,000","30,229,000","27,201,000","39,953,000","21,042,000","19,845,000","17,152,000","17,908,000","11,573,000","9,555,000","5,401,000","4,706,000","3,391,000","3,100,000","-22,251,000"
		TotalPremiumsEarned,"22,047,000","20,670,000","15,651,000","7,816,000","5,832,000","5,235,000","2,493,000","3,080,000","2,393,000","2,050,000","2,049,000","2,044,000","2,755,000",,,,,,,,,,,
		FeesAndCommissions,"83,632,000","75,743,000","73,573,000","50,020,000","42,744,000","46,761,000","43,204,000","39,036,000","13,377,000","15,626,000","15,115,000","15,455,000","15,974,000","16,360,000","15,436,000","13,879,000","13,422,000","7,402,000","4,987,000","4,201,000","3,555,000","3,025,000","3,100,000",
			FeesandCommissionIncome,"89,327,000","81,669,000","73,573,000","50,020,000","42,744,000","46,761,000","43,204,000","39,036,000","13,377,000","15,626,000","15,115,000","15,455,000","15,974,000","16,360,000","15,436,000","13,879,000","13,422,000","7,402,000","4,987,000","4,201,000","3,555,000","3,025,000","3,100,000",
				ServiceChargeOnDepositorAccounts,"82,075,000","74,364,000","65,783,000","47,092,000","39,034,000","44,364,000","40,261,000","36,827,000","10,964,000","11,377,000","10,811,000","11,228,000","12,393,000","12,429,000","11,434,000","10,689,000","10,351,000","6,570,000","4,987,000","4,201,000","3,326,000","2,765,000","2,500,000",
				TrustFeesbyCommissions,"7,252,000","7,305,000","7,790,000","2,928,000","3,710,000","2,397,000","2,943,000","2,209,000","2,413,000","3,143,000","3,080,000",,,"3,012,000","2,821,000",,,,,,,,,
				OtherCustomerServices,,,,,,,,,,"1,106,000","1,224,000","4,227,000","3,581,000","919,000","1,181,000","3,190,000","3,071,000","832,000",,,"229,000","260,000","600,000",
			FeesandCommissionExpense,"5,695,000","5,926,000",,,,,,,,,,,,,,,,,,,,,,
		GainLossonSaleofAssets,"19,571,000","1,408,000","-10,788,000","-344,000","7,522,000","4,837,000","1,244,000","641,000","9,338,000","12,424,000","11,038,000","8,970,000","19,554,000","983,000","-8,000",,"575,000","2,775,000","3,102,000","461,000","531,000",,,
			GainOnSaleOfSecurity,"19,571,000","-6,905,000","-10,788,000","-344,000","7,522,000","4,837,000","1,244,000","641,000","7,359,000","10,452,000","10,011,000","8,157,000","18,076,000","983,000","-8,000",,"369,000","2,455,000","2,006,000","461,000","531,000",,,
			GainonSaleofLoans,"0","8,313,000",,,,,,,"1,979,000","1,897,000","1,027,000","867,000","961,000",,,,,,,,,,,
			GainonSaleofInvestmentProperty,,,,,,,,,"0","75,000",,"-54,000","517,000",,,,"206,000","320,000","1,096,000",,,,,
		OtherNonInterestIncome,"27,649,000","27,118,000","12,961,000","6,710,000","14,889,000","5,918,000","5,188,000","4,613,000","2,584,000","2,234,000","2,027,000","732,000","1,670,000","3,699,000","4,417,000","3,273,000","3,911,000","1,396,000","1,466,000","739,000","620,000","366,000",,"-22,251,000"
CreditLossesProvision,"-174,065,000","-45,985,000","-46,000,000","-26,000,000","-20,000,000","-15,700,000","-19,100,000","-19,100,000","-12,150,000","-10,612,000","-16,584,000","-10,000,000","-17,600,000","-7,200,000","-1,800,000","-1,200,000","-750,000","-800,000","-900,000","-900,000","-1,440,000","-1,710,000","-1,600,000","-1,737,000"
NonInterestExpense,"438,378,000","435,082,000","445,410,000","289,033,000","233,423,000","214,193,000","176,936,000","175,997,000","88,269,000","86,032,000","86,910,000","83,170,000","80,187,000","75,500,000","74,590,000","71,256,000","69,458,000","50,373,000","36,790,000","31,630,000","26,431,000","25,808,000","26,300,000","21,823,000"
	OccupancyAndEquipment,"63,027,000","64,363,000","68,536,000","43,649,000","34,486,000","32,915,000","28,638,000","27,726,000","14,953,000","14,457,000","14,508,000","13,434,000","12,802,000","12,434,000","11,436,000","11,435,000","9,587,000","6,741,000","5,178,000","4,808,000","4,261,000","3,805,000","3,400,000",
	ProfessionalExpenseAndContractServicesExpense,"21,120,000","19,519,000","13,371,000","9,982,000","10,276,000","8,308,000","6,393,000","6,913,000","3,393,000","4,247,000","4,389,000","4,019,000","3,090,000",,,,,,,,,,,
	SellingGeneralAndAdministration,"305,853,000","306,095,000","314,178,000","196,414,000","155,638,000","145,369,000","116,498,000","117,157,000","58,826,000","56,683,000","55,409,000","55,945,000","54,211,000","44,192,000","43,433,000","40,453,000","37,635,000","25,051,000","22,360,000","18,716,000","15,636,000","14,605,000","13,500,000","10,506,000"
		GeneralAndAdministrativeExpense,"296,403,000","297,637,000","308,248,000","192,732,000","152,690,000","142,847,000","113,668,000","114,799,000","57,324,000","54,834,000","52,081,000","52,693,000","51,118,000","40,854,000","39,196,000","38,008,000","34,533,000","23,001,000","20,703,000","17,246,000","14,129,000","13,509,000","12,300,000","10,506,000"
			SalariesAndWages,"235,008,000","235,239,000","233,324,000","158,059,000","132,434,000","122,904,000","98,509,000","98,013,000","50,072,000","47,225,000","44,824,000","45,132,000","42,462,000","40,854,000","39,196,000","38,008,000","34,533,000","23,001,000","20,703,000","17,246,000","14,129,000","13,509,000","12,300,000","10,506,000"
			InsuranceAndClaims,"16,388,000","16,491,000","24,123,000","15,286,000","11,390,000","10,566,000","9,230,000","8,849,000","3,010,000","3,096,000","2,910,000","3,675,000","4,257,000",,,,,,,,,,,
			OtherGandA,"45,007,000","45,907,000","50,801,000","19,387,000","8,866,000","9,377,000","5,929,000","7,937,000","4,242,000","4,513,000","4,347,000","3,886,000","4,399,000",,,,,,,,,,,
		SellingAndMarketingExpense,"9,450,000","8,458,000","5,930,000","3,682,000","2,948,000","2,522,000","2,830,000","2,358,000","1,502,000","1,849,000","3,328,000","3,252,000","3,093,000","3,338,000","4,237,000","2,445,000","3,102,000","2,050,000","1,657,000","1,470,000","1,507,000","1,096,000","1,200,000",
	DepreciationAmortizationDepletionIncomeStatement,"22,047,000","19,181,000","23,646,000","13,008,000","12,416,000","10,043,000","9,406,000","9,408,000","1,296,000","1,245,000","1,426,000","1,849,000","2,185,000",,,,,,,,,,,
		DepreciationAndAmortizationInIncomeStatement,"22,047,000","19,181,000","23,646,000","13,008,000","12,416,000","10,043,000","9,406,000","9,408,000","1,296,000","1,245,000","1,426,000","1,849,000","2,185,000",,,,,,,,,,,
			Amortization,"18,555,000","19,181,000","23,646,000","13,008,000","12,416,000","10,043,000","9,406,000","9,408,000","1,296,000","1,245,000","1,426,000","1,849,000","2,185,000",,,,,,,,,,,
				AmortizationOfIntangiblesIncomeStatement,"18,555,000","19,181,000","23,646,000","13,008,000","12,416,000","10,043,000","9,406,000","9,408,000","1,296,000","1,245,000","1,426,000","1,849,000","2,185,000",,,,,,,,,,,
	OtherNonInterestExpense,"26,331,000","25,924,000","25,679,000","25,980,000","20,607,000","17,558,000","16,001,000","14,793,000","9,801,000","9,400,000","11,178,000","7,923,000","7,899,000","18,874,000","19,721,000","19,368,000","22,236,000","18,581,000","9,252,000","8,106,000","6,534,000","7,398,000","9,400,000","11,317,000"
SpecialIncomeCharges,"-19,485,000","-22,829,000","-1,160,000","-144,342,000","-14,479,000","-46,125,000","-4,286,000","-32,431,000","-2,772,000","-6,107,000","-3,479,000",,,,,,"-1,124,000","-5,773,000",,"-531,000",,,,
	GainOnSaleOfBusiness,,,,,,,,,,"-135,000",,,,,,,,,,,,,,
	RestructuringAndMergernAcquisition,,"0","0","39,232,000","265,000","17,079,000","890,000","9,455,000","2,772,000","5,925,000","3,201,000",,,,,,"1,124,000","773,000",,"531,000",,,,
	ImpairmentOfCapitalAssets,,,,,,,,,,"47,000","278,000",,,,,,,,,,,,,
	WriteOff,"19,531,000","22,875,000","13,132,000","105,110,000","4,485,000","29,046,000","3,396,000","22,976,000",,,,,,,,,,,,,,,,
	LossonExtinguishmentofDebt,,"-46,000","-172,000","0","9,729,000",,,,,,,,,,,,,,,,,,,
	OtherSpecialCharges,,,"-11,800,000",,,,,,,,,,,,,,,"5,000,000",,,,,,
OtherNonOperatingIncomeExpenses,,,,,,,,,,"182,000","278,000",,,,,,,,,,,,,
PretaxIncome,"416,160,000","539,966,000","566,230,000","180,970,000","207,354,000","97,949,000","84,156,000","37,830,000","36,668,000","26,047,000","14,546,000","27,365,000","36,036,000","33,682,000","28,193,000","29,453,000","32,446,000","16,153,000","17,595,000","15,090,000","11,569,000","8,738,000","5,900,000","6,588,000"
TaxProvision,"76,409,000","112,925,000","118,976,000","87,939,000","67,382,000","31,835,000","25,472,000","10,152,000","11,414,000","6,159,000","2,807,000","6,873,000","10,175,000","9,904,000","8,566,000","9,258,000","11,204,000","5,136,000","6,344,000","5,563,000","4,087,000","2,866,000","2,000,000","2,346,000"
NetIncomeCommonStockholders,"331,831,000","419,108,000","439,276,000","91,029,000","139,972,000","66,114,000","58,684,000","27,678,000","25,254,000","19,888,000","11,739,000","20,492,000","25,861,000","23,778,000","19,627,000","20,195,000","21,242,000","11,017,000","11,251,000","9,527,000","7,482,000","5,872,000","3,900,000","4,242,000"
	NetIncome,"339,751,000","427,041,000","447,254,000","93,031,000","139,972,000","66,114,000","58,684,000","27,678,000","25,254,000","19,888,000","11,739,000","20,492,000","25,861,000","23,778,000","19,627,000","20,195,000","21,242,000","11,017,000","11,251,000","9,527,000","7,482,000","5,872,000","3,900,000","4,242,000"
		NetIncomeIncludingNoncontrollingInterests,"339,751,000","427,041,000","447,254,000","93,031,000","139,972,000","66,114,000","58,684,000","27,678,000","25,254,000","19,888,000","11,739,000","20,492,000","25,861,000","23,778,000","19,627,000","20,195,000","21,242,000","11,017,000","11,251,000","9,527,000","7,482,000","5,872,000","3,900,000","4,242,000"
			NetIncomeContinuousOperations,"339,751,000","427,041,000","447,254,000","93,031,000","139,972,000","66,114,000","58,684,000","27,678,000","25,254,000","19,888,000","11,739,000","20,492,000","25,861,000","23,778,000","19,627,000","20,195,000","21,242,000","11,017,000","11,251,000","9,527,000","7,482,000","5,872,000","3,900,000","4,242,000"
	PreferredStockDividends,"7,920,000","7,933,000","7,978,000","2,002,000",,,,,,,,,,,,,,,,,,,,
DilutedNIAvailtoComStockholders,"331,831,000","419,108,000","439,276,000","91,029,000","139,972,000","66,114,000","58,684,000","27,678,000","25,254,000","19,888,000","11,739,000","20,492,000","25,861,000","23,778,000","19,627,000","20,195,000","21,242,000","11,017,000","11,251,000","9,527,000","7,482,000","5,872,000","3,900,000","4,242,000"
BasicEPS,,"2.04","1.96","0.58","1.07","0.6",,"0.34","0.58","0.52","0.31","0.54","0.67","0.61","0.48","0.49","0.49","0.3","0.329","0.28","0.221","0.171","0.09","0.116"
DilutedEPS,,"2.03","1.95","0.58","1.07","0.6",,"0.34","0.58","0.52","0.31","0.54","0.67","0.61","0.48","0.49","0.49","0.29","0.325","0.275","0.219","0.171","0.09","0.116"
BasicAverageShares,,"205,679,874","224,299,488","157,513,639","130,607,994","109,907,645",,"80,268,970","43,722,313","38,227,653","37,452,596","38,161,180","38,537,881","38,907,372","40,889,583","41,214,286","43,351,020","36,723,333","34,153,721","34,051,342","33,836,963","34,243,032","43,212,000","36,696,960"
DilutedAverageShares,,"206,131,628","224,816,996","158,124,270","131,234,462","110,329,353",,"80,534,043","43,760,313","38,248,046","37,453,542","38,185,122","38,705,837","39,226,641","40,889,583","41,214,286","43,351,020","37,989,655","34,628,078","34,609,561","34,185,798","34,243,032","43,212,000","36,696,960"
InterestIncomeAfterProvisionForLoanLoss,"721,124,000","872,938,000","921,403,000","550,143,000","384,269,000","295,516,000","213,249,000","198,888,000","100,017,000","85,852,000","74,706,000","83,334,000","76,270,000","88,140,000","82,938,000","83,557,000","85,120,000","60,726,000","44,830,000","41,850,000","33,294,000","31,155,000","29,100,000","25,331,000"
NetIncomeFromContinuingAndDiscontinuedOperation,"339,751,000","427,041,000","447,254,000","93,031,000","139,972,000","66,114,000","58,684,000","27,678,000","25,254,000","19,888,000","11,739,000","20,492,000","25,861,000","23,778,000","19,627,000","20,195,000","21,242,000","11,017,000","11,251,000","9,527,000","7,482,000","5,872,000","3,900,000","4,242,000"
NormalizedIncome,"355,658,459.234","445,098,739","448,170,400","179,636,200","149,745,325","97,248,375","61,672,730.738","51,417,492","27,163,908","24,493,690.329","14,546,643.407","20,532,437.347","25,489,978.327","23,778,000","19,627,000","20,195,000","21,843,003.39","14,736,166.78","10,550,170.446","9,862,244.334","7,482,000","5,872,000","3,900,000","4,242,000"
ReconciledDepreciation,"38,525,000","39,107,000","43,995,000","24,678,000","20,791,000","17,519,000","15,752,000","15,915,000","5,539,000","5,991,000","7,603,000","6,993,000","6,860,000","7,168,000","8,435,000","10,294,000","11,564,000","7,105,000","3,691,000","2,545,000","2,209,000","3,335,000","3,400,000","1,390,000"
NetIncomeFromContinuingOperationNetMinorityInterest,"339,751,000","427,041,000","447,254,000","93,031,000","139,972,000","66,114,000","58,684,000","27,678,000","25,254,000","19,888,000","11,739,000","20,492,000","25,861,000","23,778,000","19,627,000","20,195,000","21,242,000","11,017,000","11,251,000","9,527,000","7,482,000","5,872,000","3,900,000","4,242,000"
TotalUnusualItemsExcludingGoodwill,"-19,485,000","-22,829,000","-1,160,000","-144,342,000","-14,479,000","-46,125,000","-4,286,000","-32,431,000","-2,772,000","-6,032,000","-3,479,000","-54,000","517,000",,,,"-918,000","-5,453,000","1,096,000","-531,000",,,,
TotalUnusualItems,"-19,485,000","-22,829,000","-1,160,000","-144,342,000","-14,479,000","-46,125,000","-4,286,000","-32,431,000","-2,772,000","-6,032,000","-3,479,000","-54,000","517,000",,,,"-918,000","-5,453,000","1,096,000","-531,000",,,,
TaxRateForCalcs,"0.184","0.209","0.21","0.4","0.325","0.325","0.303","0.268","0.311","0.236","0.193","0.251","0.282","0.294","0.304","0.314","0.345","0.318","0.361","0.369","0.353","0.328","0.339","0.356"
TaxEffectOfUnusualItems,"-3,577,540.766","-4,771,261","-243,600","-57,736,800","-4,705,675","-14,990,625","-1,297,269.262","-8,691,508","-862,092","-1,426,309.671","-671,356.593","-13,562.653","145,978.327","0","0","0","-316,996.61","-1,733,833.22","395,170.446","-195,755.666","0","0","0","0"