name,ttm,12/31/2019,12/31/2018,12/31/2017,12/31/2016,12/31/2015,12/31/2014,12/31/2013,12/31/2012,12/31/2011
TotalRevenue,"16,839,000,000","17,170,000,000","16,383,000,000","15,304,000,000","13,874,000,000","12,485,000,000","11,805,000,000","11,071,000,000","10,048,000,000","8,706,000,000"
	NetInterestIncome,"16,463,000,000","16,799,000,000","16,118,000,000","15,016,000,000","13,530,000,000","12,093,000,000","11,320,000,000","10,571,000,000","9,564,000,000","8,209,000,000"
		InterestIncome,"18,711,000,000","19,090,000,000","17,988,000,000","16,407,000,000","14,778,000,000","13,228,000,000","12,242,000,000","11,313,000,000","10,309,000,000","9,141,000,000"
			InterestIncomeFromLoansAndLease,"18,358,000,000","18,705,000,000","17,644,000,000","16,219,000,000","14,682,000,000","13,179,000,000","12,216,000,000","11,295,000,000","10,300,000,000","9,134,000,000"
				InterestIncomeFromLoans,"18,358,000,000","18,705,000,000","17,644,000,000","16,219,000,000","14,682,000,000","13,179,000,000","12,216,000,000","11,295,000,000","10,300,000,000","9,134,000,000"
			InterestIncomeFromSecurities,,"385,000,000","344,000,000","188,000,000","96,000,000","49,000,000","26,000,000","18,000,000","9,000,000","7,000,000"
			OtherInterestIncome,"353,000,000","385,000,000",,,,,,,,
		InterestExpense,"2,248,000,000","2,291,000,000","1,870,000,000","1,391,000,000","1,248,000,000","1,135,000,000","922,000,000","742,000,000","745,000,000","932,000,000"
			InterestExpenseForDeposit,"1,547,000,000","1,566,000,000","1,186,000,000","848,000,000","727,000,000","607,000,000","470,000,000","374,000,000","362,000,000","351,000,000"
			InterestExpenseForLongTermDebtAndCapitalSecurities,"701,000,000","725,000,000","684,000,000","543,000,000","521,000,000","528,000,000","452,000,000","368,000,000","383,000,000","581,000,000"
	NonInterestIncome,"376,000,000","371,000,000","265,000,000","288,000,000","344,000,000","392,000,000","485,000,000","500,000,000","484,000,000","497,000,000"
		FeesAndCommissions,"1,010,000,000","1,013,000,000","977,000,000","925,000,000","864,000,000","754,000,000","664,000,000","648,000,000","596,000,000","554,000,000"
			FeesandCommissionIncome,"1,010,000,000","1,013,000,000","977,000,000","925,000,000","864,000,000","754,000,000","664,000,000","648,000,000","596,000,000","554,000,000"
				ServiceChargeOnDepositorAccounts,"1,010,000,000","1,013,000,000","977,000,000","925,000,000","864,000,000","754,000,000","664,000,000","648,000,000","596,000,000","554,000,000"
		OtherNonInterestIncome,"-634,000,000","-642,000,000","-712,000,000","-637,000,000","-520,000,000","-362,000,000","-179,000,000","-148,000,000","-112,000,000","-57,000,000"
CreditLossesProvision,"-4,998,000,000","-4,180,000,000","-5,545,000,000","-5,296,000,000","-3,986,000,000","-2,952,000,000","-2,917,000,000","-3,072,000,000","-2,565,000,000","-2,258,000,000"
NonInterestExpense,"4,204,000,000","4,245,000,000","4,095,000,000","3,747,000,000","3,416,000,000","3,264,000,000","2,927,000,000","2,484,000,000","2,123,000,000","2,010,000,000"
	ProfessionalExpenseAndContractServicesExpense,"832,000,000","867,000,000","806,000,000","629,000,000","638,000,000","645,000,000","607,000,000","486,000,000","451,000,000","432,000,000"
	SellingGeneralAndAdministration,"2,458,000,000","2,489,000,000","2,381,000,000","2,185,000,000","1,968,000,000","1,772,000,000","1,538,000,000","1,160,000,000","993,000,000","974,000,000"
		GeneralAndAdministrativeExpense,"1,921,000,000","1,940,000,000","1,853,000,000","1,687,000,000","1,545,000,000","1,339,000,000","1,078,000,000","891,000,000","785,000,000","753,000,000"
			SalariesAndWages,"1,426,000,000","1,455,000,000","1,427,000,000","1,314,000,000","1,207,000,000","1,042,000,000","866,000,000","698,000,000","620,000,000","596,000,000"
			OtherGandA,"495,000,000","485,000,000","426,000,000","373,000,000","338,000,000","297,000,000","212,000,000","193,000,000","165,000,000","157,000,000"
		SellingAndMarketingExpense,"537,000,000","549,000,000","528,000,000","498,000,000","423,000,000","433,000,000","460,000,000","269,000,000","208,000,000","221,000,000"
	OtherNonInterestExpense,"914,000,000","889,000,000","908,000,000","933,000,000","810,000,000","847,000,000","782,000,000","838,000,000","679,000,000","604,000,000"
OtherNonOperatingIncomeExpenses,"-3,830,000,000","-3,858,000,000","-3,099,000,000","-2,937,000,000","-2,902,000,000","-2,738,000,000","-2,575,000,000","-2,373,000,000","-1,984,000,000","-1,428,000,000"
PretaxIncome,"3,807,000,000","4,887,000,000","3,644,000,000","3,324,000,000","3,570,000,000","3,531,000,000","3,386,000,000","3,142,000,000","3,376,000,000","3,010,000,000"
TaxProvision,"881,000,000","1,140,000,000","854,000,000","1,389,000,000","1,319,000,000","1,317,000,000","1,277,000,000","1,163,000,000","1,257,000,000","1,120,000,000"
NetIncomeCommonStockholders,"2,915,000,000","3,747,000,000","2,790,000,000","1,935,000,000","2,251,000,000","2,214,000,000","2,109,000,000","1,832,000,000","2,119,000,000","1,890,000,000"
	NetIncome,"2,926,000,000","3,747,000,000","2,790,000,000","1,935,000,000","2,251,000,000","2,214,000,000","2,109,000,000","1,979,000,000","2,119,000,000","1,890,000,000"
		NetIncomeIncludingNoncontrollingInterests,"2,926,000,000","3,747,000,000","2,790,000,000","1,935,000,000","2,251,000,000","2,214,000,000","2,109,000,000","1,979,000,000","2,119,000,000","1,890,000,000"
			NetIncomeContinuousOperations,"2,926,000,000","3,747,000,000","2,790,000,000","1,935,000,000","2,251,000,000","2,214,000,000","2,109,000,000","1,979,000,000","2,119,000,000","1,890,000,000"
DilutedNIAvailtoComStockholders,"2,915,000,000","3,747,000,000","2,790,000,000","1,935,000,000","2,251,000,000","2,214,000,000","2,109,000,000","1,832,000,000","2,119,000,000","1,890,000,000"
BasicEPS,,"5.59","3.76","2.43","2.71","2.66","2.78","2.21","2.552","2.276"
DilutedEPS,,"5.56","3.74","2.42","2.71","2.65","2.78","2.21","2.549","2.275"
BasicAverageShares,,"670,200,000","742,300,000","795,600,000","829,200,000","833,800,000","757,400,000","830,271,000","830,271,000","830,271,000"
DilutedAverageShares,,"673,500,000","746,900,000","799,700,000","831,500,000","835,500,000","757,600,000","830,670,000","831,170,000","830,670,000"
InterestIncomeAfterProvisionForLoanLoss,"11,465,000,000","12,619,000,000","10,573,000,000","9,720,000,000","9,544,000,000","9,141,000,000","8,403,000,000","7,499,000,000","6,999,000,000","5,951,000,000"
NetIncomeFromContinuingAndDiscontinuedOperation,"2,926,000,000","3,747,000,000","2,790,000,000","1,935,000,000","2,251,000,000","2,214,000,000","2,109,000,000","1,979,000,000","2,119,000,000","1,890,000,000"
NormalizedIncome,"2,926,000,000","3,747,000,000","2,790,000,000","1,935,000,000","2,251,000,000","2,214,000,000","2,109,000,000","1,979,000,000","2,119,000,000","1,890,000,000"
ReconciledDepreciation,"376,000,000","367,000,000","302,000,000","254,000,000","219,000,000","174,000,000","131,000,000","104,000,000","83,000,000","96,000,000"
NetIncomeFromContinuingOperationNetMinorityInterest,"2,926,000,000","3,747,000,000","2,790,000,000","1,935,000,000","2,251,000,000","2,214,000,000","2,109,000,000","1,979,000,000","2,119,000,000","1,890,000,000"
TaxRateForCalcs,"0.231","0.233","0.234","0.4","0.369","0.373","0.377","0.37","0.372","0.372"
TaxEffectOfUnusualItems,"0","0","0","0","0","0","0","0","0","0"