name,ttm,03/31/2020,12/31/2019,09/30/2019,06/30/2019,03/31/2019,12/31/2018,09/30/2018,06/30/2018,03/31/2018,12/31/2017,09/30/2017,06/30/2017,03/31/2017,12/31/2016,09/30/2016,06/30/2016,03/31/2016,12/31/2015,09/30/2015,06/30/2015,03/31/2015,12/31/2014,09/30/2014,06/30/2014,03/31/2014,12/31/2013,09/30/2013,06/30/2013,03/31/2013,12/31/2012,09/30/2012,06/30/2012,03/31/2012,12/31/2011,09/30/2011,06/30/2011,03/31/2011,12/31/2010,09/30/2010,06/30/2010,03/31/2010,12/31/2009,09/30/2009,06/30/2009,03/31/2009,12/31/2008,09/30/2008,06/30/2008,03/31/2008,12/31/2007,09/30/2007,06/30/2007,03/31/2007,12/31/2006,09/30/2006,06/30/2006,03/31/2006,12/31/2005,09/30/2005,06/30/2005,03/31/2005,12/31/2004,09/30/2004,06/30/2004,03/31/2004,12/31/2003,09/30/2003,06/30/2003,03/31/2003,12/31/2002,09/30/2002,06/30/2002,03/31/2002,12/31/2001,09/30/2001,06/30/2001,03/31/2001,12/31/2000,09/30/2000,06/30/2000,03/31/2000,12/31/1999,09/30/1999,06/30/1999,03/31/1999,12/31/1998,09/30/1998,06/30/1998,03/31/1998,12/31/1997,09/30/1997,06/30/1997,03/31/1997,12/31/1996,09/30/1996,06/30/1996,03/31/1996,12/31/1995,09/30/1995,06/30/1995,03/31/1995,12/31/1994,09/30/1994,06/30/1994,03/31/1994,12/31/1993,09/30/1993,06/30/1993,03/31/1993,12/31/1992,09/30/1992,06/30/1992,03/31/1992,12/31/1991,09/30/1991,06/30/1991,03/31/1991,12/31/1990,09/30/1990,06/30/1990,03/31/1990,12/31/1989,09/30/1989,06/30/1989,03/31/1989,12/31/1988,09/30/1988,06/30/1988,03/31/1988,12/31/1987,09/30/1987,06/30/1987,03/31/1987,12/31/1986,09/30/1986,06/30/1986,03/31/1986,12/31/1985,09/30/1985
TotalRevenue,"1,918,348,000","538,444,000","560,007,000","460,305,000","359,592,000","353,425,000","372,319,000","361,476,000","360,690,000","350,946,000","357,961,000","338,614,000","337,118,000","321,519,000","322,892,000","327,740,000","330,940,000","324,260,000","304,737,000","317,522,000","319,478,000","304,058,000","297,254,000","320,256,000","310,117,000","304,681,000","291,406,000","305,787,000","301,827,000","287,890,000","285,614,000","312,617,000","311,107,000","345,518,000","271,724,000","293,820,000","290,292,000","288,286,000","315,780,000","311,697,000","312,405,000","297,305,000","312,790,000","289,546,000","296,833,000","259,692,000","272,091,000","275,708,000","274,181,000","270,128,000","313,571,000","266,115,000","264,307,000","278,814,000","254,718,000","264,545,000","259,064,000","248,667,000","254,058,000","251,771,000","248,990,000","241,201,000","259,004,000","243,972,000","245,712,000","233,669,000","278,302,000","200,197,000","232,462,000","240,065,000","235,510,000","229,006,000","226,097,000","227,454,000","222,220,000","217,710,000","214,930,000","200,352,000","207,893,000","195,950,000","196,502,000","179,793,000","192,200,000","189,000,000","182,700,000","178,700,000","186,700,000","178,500,000","176,900,000","175,100,000","170,600,000","167,300,000","145,600,000","126,400,000","125,700,000","128,500,000","123,500,000","120,300,000","118,400,000","115,700,000","113,400,000","84,500,000","84,400,000","84,100,000","78,200,000","75,600,000","78,100,000","78,500,000","76,800,000","61,200,000","59,900,000","57,900,000","58,400,000","54,000,000","50,800,000","53,700,000","50,900,000","47,000,000","50,800,000","43,100,000","42,500,000","41,100,000",,,,,,,,,,,,,,,,,,
	OperatingRevenue,"1,918,348,000","538,444,000","560,007,000","460,305,000","359,592,000","353,425,000","372,319,000","361,476,000","360,690,000","350,946,000","357,961,000","338,614,000","337,118,000","321,519,000","322,892,000","327,740,000","330,940,000","324,260,000","304,737,000","317,522,000","319,478,000","304,058,000","297,254,000","320,256,000","310,117,000","304,681,000","291,406,000","305,787,000","301,827,000","287,890,000","285,614,000","312,617,000","311,107,000","345,518,000","271,724,000","293,820,000","290,292,000","288,286,000","315,780,000","311,697,000","312,405,000","297,305,000","312,790,000","289,546,000","296,833,000","259,692,000","272,091,000","275,708,000","274,181,000","270,128,000","313,571,000","266,115,000","264,307,000","278,814,000","254,718,000","264,545,000","259,064,000","248,667,000","254,058,000","251,771,000","248,990,000","241,201,000","259,004,000","243,972,000","245,712,000","233,669,000","278,302,000","200,197,000","232,462,000","240,065,000","235,510,000","229,006,000","226,097,000","227,454,000","222,220,000","217,710,000","214,930,000","200,352,000","207,893,000","195,950,000","196,502,000","179,793,000","192,200,000","189,000,000","182,700,000","178,700,000","186,700,000","178,500,000","176,900,000","175,100,000","170,600,000","167,300,000","145,600,000","126,400,000","125,700,000","128,500,000","123,500,000","120,300,000","118,400,000","115,700,000","113,400,000","84,500,000","84,400,000","84,100,000","78,200,000","75,600,000","78,100,000","78,500,000","76,800,000","61,200,000","59,900,000","57,900,000","58,400,000","54,000,000","50,800,000","53,700,000","50,900,000","47,000,000","50,800,000","43,100,000","42,500,000","41,100,000",,,,,,,,,,,,,,,,,,
PretaxIncome,"329,333,000","66,902,000","135,831,000","13,243,000","113,357,000","94,736,000","108,169,000","116,873,000","78,627,000","98,055,000","-7,313,000","93,753,000","89,291,000","69,429,000","81,867,000","88,920,000","90,374,000","77,084,000","81,134,000","85,220,000","83,841,000","64,500,000","36,487,000","84,829,000","87,013,000","73,053,000","64,013,000","68,953,000","60,720,000","49,359,000","38,631,000","19,534,000","54,012,000","-451,732,000","27,614,000","51,816,000","50,281,000","49,117,000","47,634,000","60,657,000","74,323,000","55,012,000","28,638,000","23,735,000","38,396,000","41,772,000","45,231,000","46,015,000","42,557,000","71,857,000","85,692,000","85,701,000","91,167,000","109,958,000","79,083,000","96,868,000","93,921,000","87,236,000","92,194,000","94,374,000","97,316,000","96,526,000","100,535,000","93,402,000","98,736,000","91,803,000","87,676,000","55,157,000","92,602,000","92,348,000","90,480,000","90,712,000","89,497,000","87,003,000","83,847,000","84,966,000","83,554,000","77,467,000","84,822,000","75,929,000","75,874,000","66,213,000","73,900,000","69,500,000","67,000,000","62,600,000","67,100,000","62,100,000","68,300,000","67,800,000","66,700,000","62,600,000","57,300,000","47,400,000","43,900,000","8,200,000","43,400,000","41,700,000","39,800,000","40,200,000","38,800,000","-19,300,000","26,600,000","26,500,000","23,800,000","20,900,000","21,300,000","21,200,000","7,200,000","16,500,000","16,300,000","12,000,000","10,800,000","9,700,000","5,700,000","6,200,000","5,000,000","4,800,000","4,600,000","4,300,000","-32,200,000","3,500,000",,,,,,,,,,,,,,,,,,
TaxProvision,"42,040,000","13,086,000","21,375,000","-11,735,000","19,314,000","21,287,000","20,013,000","28,034,000","16,418,000","21,631,000","-110,965,000","30,704,000","25,794,000","20,843,000","29,762,000","30,257,000","29,706,000","26,803,000","26,614,000","30,528,000","28,902,000","22,828,000","11,011,000","30,791,000","31,385,000","26,579,000","22,791,000","24,551,000","19,444,000","17,559,000","10,540,000","6,304,000","20,542,000","-170,244,000","8,385,000","18,856,000","18,758,000","18,442,000","16,011,000","22,852,000","28,112,000","20,790,000","9,385,000","6,491,000","14,853,000","15,125,000","17,527,000","15,889,000","18,855,000","24,431,000","22,875,000","26,563,000","29,038,000","27,234,000","25,350,000","30,941,000","26,860,000","29,014,000","26,654,000","28,888,000","26,675,000","33,061,000","33,133,000","31,690,000","33,518,000","31,142,000","28,180,000","19,193,000","32,311,000","32,221,000","30,704,000","31,845,000","31,526,000","30,686,000","29,652,000","32,076,000","31,540,000","29,244,000","32,657,000","29,232,000","29,212,000","25,492,000","29,000,000","26,700,000","26,000,000","25,300,000","27,600,000","25,500,000","28,100,000","27,900,000","26,800,000","25,400,000","22,400,000","18,500,000","16,400,000","2,900,000","16,700,000","15,400,000","14,300,000","15,800,000","15,400,000","-7,700,000","10,800,000","11,000,000","9,900,000","8,700,000","9,100,000","9,100,000","3,200,000","7,000,000","-4,100,000","4,900,000","4,300,000","4,100,000","1,900,000","3,200,000","2,400,000","2,400,000","300,000","200,000","-1,200,000","1,600,000",,,,,,,,,,,,,,,,,,
NetIncomeCommonStockholders,"266,878,000","49,406,000","109,904,000","19,654,000","87,933,000","68,001,000","83,146,000","83,689,000","56,247,000","66,165,000","97,636,000","48,277,000","55,576,000","41,423,000","45,234,000","51,432,000","52,833,000","43,199,000","47,634,000","47,716,000","47,397,000","34,943,000","19,136,000","47,458,000","48,266,000","39,899,000","35,131,000","37,930,000","34,063,000","25,412,000","23,501,000","9,322,000","31,531,000","-282,894,000","18,154,000","31,717,000","29,837,000","29,686,000","30,725,000","36,893,000","45,025,000","33,921,000","19,456,000","17,451,000","10,325,000","21,462,000","25,164,000","30,126,000","23,702,000","47,426,000","62,817,000","59,138,000","62,129,000","82,724,000","53,733,000","65,927,000","67,061,000","58,222,000","65,540,000","65,486,000","70,641,000","63,465,000","67,402,000","61,712,000","65,218,000","60,661,000","59,496,000","35,964,000","60,291,000","60,127,000","59,776,000","58,867,000","57,971,000","56,317,000","54,195,000","52,890,000","52,014,000","48,223,000","52,165,000","46,697,000","46,662,000","40,721,000","44,900,000","42,800,000","41,000,000","37,300,000","39,500,000","36,600,000","40,200,000","39,900,000","39,900,000","37,200,000","34,900,000","28,900,000","27,500,000","5,300,000","26,700,000","26,300,000","25,500,000","24,400,000","23,400,000","-13,300,000","15,800,000","15,500,000","13,900,000","12,200,000","12,200,000","12,100,000","4,000,000","9,500,000","20,400,000","7,100,000","6,500,000","5,600,000","5,300,000","5,000,000","4,600,000","4,300,000","4,300,000","4,100,000","-32,300,000","3,200,000",,,,,,,,,,,,,,,,,,
	NetIncome,"276,873,000","51,899,000","112,399,000","22,148,000","90,427,000","70,494,000","85,652,000","86,196,000","58,749,000","73,761,000","101,399,000","60,528,000","60,432,000","46,278,000","50,092,000","56,292,000","57,694,000","48,046,000","52,492,000","52,575,000","52,255,000","39,801,000","23,988,000","52,317,000","53,125,000","44,757,000","39,995,000","42,795,000","38,904,000","29,974,000","26,785,000","11,694,000","31,531,000","-282,894,000","18,154,000","31,717,000","29,837,000","29,686,000","30,725,000","36,893,000","45,025,000","33,921,000","19,456,000","17,451,000","23,543,000","26,647,000","27,704,000","30,126,000","23,702,000","47,426,000","62,817,000","59,138,000","62,129,000","82,724,000","53,733,000","65,927,000","67,061,000","58,222,000","65,540,000","65,486,000","70,641,000","63,465,000","67,402,000","61,712,000","65,218,000","60,661,000","59,496,000","35,964,000","60,291,000","60,127,000","59,776,000","58,867,000","57,971,000","56,317,000","54,195,000","52,890,000","52,014,000","48,223,000","52,165,000","46,697,000","46,662,000","40,721,000","44,900,000","42,800,000","41,000,000","37,300,000","39,500,000","36,600,000","40,200,000","39,900,000","39,900,000","37,200,000","34,900,000","28,900,000","27,500,000","5,300,000","26,700,000","26,300,000","25,500,000","24,400,000","23,400,000","-12,600,000","15,800,000","15,500,000","13,900,000","12,200,000","12,200,000","12,100,000","4,000,000","9,500,000","20,400,000","7,100,000","6,500,000","5,600,000","5,300,000","5,000,000","4,600,000","4,300,000","4,300,000","4,100,000","-32,300,000","3,200,000",,,,,,,,,,,,,,,,,,
		NetIncomeIncludingNoncontrollingInterests,"287,293,000","53,816,000","114,456,000","24,978,000","94,043,000","73,449,000","88,156,000","88,839,000","62,209,000","76,424,000","103,652,000","63,049,000","63,497,000","48,586,000","52,105,000","58,663,000","60,668,000","50,281,000","54,520,000","54,692,000","54,939,000","41,672,000","25,476,000","54,038,000","55,628,000","46,474,000","41,222,000","44,402,000","41,276,000","31,800,000","28,091,000","13,230,000","33,470,000","-281,488,000","19,229,000","32,960,000","31,523,000","30,675,000","31,623,000","37,805,000","46,211,000","34,222,000","19,253,000","17,244,000","23,543,000","26,647,000","27,704,000","30,126,000","23,702,000","47,426,000","62,817,000","59,138,000","62,129,000","82,724,000","53,733,000","65,927,000","67,061,000","58,222,000","65,540,000","65,486,000","70,641,000","63,465,000","67,402,000","61,712,000","65,218,000","60,661,000","59,496,000","35,964,000","60,291,000","60,127,000","59,776,000","58,867,000","57,971,000","56,317,000","54,195,000","52,890,000","52,014,000","48,223,000","52,165,000","46,697,000","46,662,000","40,721,000","44,900,000","42,800,000","41,000,000","37,300,000","39,500,000","36,600,000","40,200,000","39,900,000","39,900,000","37,200,000","34,900,000","28,900,000","27,500,000","5,300,000","26,700,000","26,300,000","25,500,000","24,400,000","23,400,000","-12,600,000","15,800,000","15,500,000","13,900,000","12,200,000","12,200,000","12,100,000","4,000,000","9,500,000","20,400,000","7,100,000","6,500,000","5,600,000","5,300,000","5,000,000","4,600,000","4,300,000","4,300,000","4,100,000","-32,300,000","3,200,000","1,700,000","3,200,000","3,200,000","3,000,000","2,200,000","3,800,000","3,600,000","3,000,000","-69,500,000","2,600,000","-7,000,000","6,100,000","2,600,000","1,800,000","7,800,000","9,600,000","800,000","800,000"
			NetIncomeContinuousOperations,"287,293,000","53,816,000","114,456,000","24,978,000","94,043,000","73,449,000","88,156,000","88,839,000","62,209,000","76,424,000","103,652,000","63,049,000","63,497,000","48,586,000","52,105,000","58,663,000","60,668,000","50,281,000","54,520,000","54,692,000","54,939,000","41,672,000","25,476,000","54,038,000","55,628,000","46,474,000","41,222,000","44,402,000","41,276,000","31,800,000","28,091,000","13,230,000","33,470,000","-281,488,000","19,229,000","32,960,000","31,523,000","30,675,000","31,623,000","37,805,000","46,211,000","34,222,000","19,253,000","17,244,000","23,543,000","26,647,000","27,704,000","30,126,000","23,702,000","47,426,000","62,817,000","59,138,000","62,129,000","82,724,000","53,733,000","65,927,000","67,061,000","58,222,000","65,540,000","65,486,000","70,641,000","63,465,000","67,402,000","61,712,000","65,218,000","60,661,000","59,496,000","35,964,000","60,291,000","60,127,000","59,776,000","58,867,000","57,971,000","56,317,000","54,195,000","52,890,000","52,014,000","48,223,000","52,165,000","46,697,000","46,662,000","40,721,000","44,900,000","42,800,000","41,000,000","37,300,000","39,500,000","36,600,000","40,200,000","39,900,000","39,900,000","37,200,000","34,900,000","28,900,000","27,500,000","5,300,000","26,700,000","26,300,000","25,500,000","24,400,000","23,400,000","-11,600,000","15,800,000","15,500,000","13,900,000","12,200,000","12,200,000","12,100,000","4,000,000","9,500,000","20,400,000","7,100,000","6,500,000","5,600,000","3,800,000","3,000,000","2,600,000","2,400,000","4,300,000","4,100,000","-31,000,000","1,900,000","1,700,000","3,200,000","3,200,000","3,000,000","2,200,000","3,800,000","3,600,000","3,000,000","-69,500,000","2,600,000","-7,000,000","6,100,000","2,600,000","1,800,000","7,800,000","9,600,000","800,000","800,000"
			NetIncomeFromTaxLossCarryforward,,,,,,,,,,,,,,,,,,,,,,,,,,,,,,,,,,,,,,,,,,,,,,,,,,,,,,,,,,,,,,,,,,,,,,,,,,,,,,,,,,,,,,,,,,,,,,,,,,,"0",,,"-1,000,000",,,,,,,,,,,,,"1,500,000","2,000,000","2,000,000","1,900,000",,,"-1,300,000","1,300,000",,,,,,,,,,,,,,,,,,
		MinorityInterests,"-10,420,000","-1,917,000","-2,057,000","-2,830,000","-3,616,000","-2,955,000","-2,504,000","-2,643,000","-3,460,000","-2,663,000","-2,253,000","-2,521,000","-3,065,000","-2,308,000","-2,013,000","-2,371,000","-2,974,000","-2,235,000","-2,028,000","-2,117,000","-2,684,000","-1,871,000","-1,488,000","-1,721,000","-2,503,000","-1,717,000","-1,227,000","-1,607,000","-2,372,000","-1,826,000","-1,306,000","-1,536,000","-1,939,000","-1,406,000","-1,075,000","-1,243,000","-1,686,000","-989,000","-898,000","-912,000","-1,186,000","-301,000","203,000","207,000",,,,,,,,,,,,,,,,,,,,,,,,,,,,,,,,,,,,,,,,,,,,,,,,,,,,,,,,,,,,,,,,,,,,,,,,,,,,,,,,,,,,,,,,,,,,,,,,
	PreferredStockDividends,"9,975,000","2,493,000","2,494,000","2,494,000","2,494,000","2,493,000","2,494,000","2,494,000","2,494,000","4,106,000","3,746,000","6,464,000","4,847,000","4,847,000","4,847,000","4,847,000","4,847,000","4,847,000","4,847,000","4,847,000","4,847,000","4,847,000","4,847,000","4,847,000","4,847,000","4,847,000","4,847,000","4,847,000","4,847,000","4,524,000","3,234,000","2,372,000",,,,,,,,,,,"0",,"-13,218,000","5,185,000",,,,,,,,,,,,,,,,,,,,,,,,,,,,,,,,,,,,,,,,,,,,,,,,,,,,,"0",,,"700,000",,,,,,,,,,,,,,,,,,,,,,,,,,,,,,,,,,,,,,
	OtherunderPreferredStockDividend,,,"1,000",,,,"12,000","13,000","8,000","3,490,000","17,000","5,787,000","9,000","8,000","11,000","13,000","14,000",,"11,000","12,000","11,000","11,000","5,000","12,000","12,000","11,000","17,000","18,000","-6,000","38,000",,,,,,,,,,,,,,,"26,436,000",,,,,,,,,,,,,,,,,,,,,,,,,,,,,,,,,,,,,,,,,,,,,,,,,,,,,,,,,,,,,,,,,,,,,,,,,,,,,,,,,,,,,,,,,,,,,,,
DilutedNIAvailtoComStockholders,"266,878,000","49,406,000","109,904,000","19,654,000","87,933,000","68,001,000","83,146,000","83,689,000","56,247,000","66,165,000","97,636,000","48,277,000","55,576,000","41,423,000","45,234,000","51,432,000","52,833,000","43,199,000","47,634,000","47,716,000","47,397,000","34,943,000","19,136,000","47,458,000","48,266,000","39,899,000","35,131,000","37,930,000","34,063,000","25,412,000","23,501,000","9,322,000","31,531,000","-282,894,000","18,154,000","31,717,000","29,837,000","29,686,000","30,725,000","36,893,000","45,025,000","33,921,000","19,456,000","17,451,000","10,325,000","21,462,000","25,164,000","30,126,000","23,702,000","47,426,000","62,817,000","59,138,000","62,129,000","82,724,000","53,733,000","65,927,000","67,061,000","58,222,000","65,540,000","65,486,000","70,641,000","63,465,000","67,402,000","61,712,000","65,218,000","60,661,000","59,496,000","35,964,000","60,291,000","60,127,000","59,776,000","58,867,000","57,971,000","56,317,000","54,195,000","52,890,000","52,014,000","48,223,000","52,165,000","46,697,000","46,662,000","40,721,000","44,900,000","42,800,000","41,000,000","37,300,000","39,500,000","36,600,000","40,200,000","39,900,000","39,900,000","37,200,000","34,900,000","28,900,000","27,500,000","5,300,000","26,700,000","26,300,000","25,500,000","24,400,000","23,400,000","-13,300,000","15,800,000","15,500,000","13,900,000","12,200,000","12,200,000","12,100,000","4,000,000","9,500,000","20,400,000","7,100,000","6,500,000","5,600,000","5,300,000","5,000,000","4,600,000","4,300,000","4,300,000","4,100,000","-32,300,000","3,200,000",,,,,,,,,,,,,,,,,,
BasicEPS,,"0.33","0.718","0.15","1.063","0.827","1.004","1.004","0.669","0.768","1.142","0.571","0.649","0.492","0.531","0.61","0.63","0.512","0.571","0.571","0.571","0.413","0.236","0.571","0.59","0.492","0.433","0.472","0.413","0.315","0.295","0.118","0.394","-3.503",,"0.394","0.374","0.394",,"0.512","0.63","0.512",,"0.276","0.157","0.335",,"0.472","0.374","0.748",,"0.945","0.964","1.279",,"1.004","1.023","0.886",,"0.984","1.043","0.925",,"0.886","0.935","0.866",,"0.502","0.836","0.817",,"0.797","0.768","0.738",,"0.689","0.669","0.61",,"0.59","0.59","0.502",,"0.512","0.492","0.443",,"0.413","0.443","0.433",,"0.433","0.423","0.403",,"0.108","0.364","0.354",,"0.335","0.325","-0.197",,"0.315","0.276","0.246",,"0.236","0.079","0.226",,"0.177","0.167","0.148",,"0.167","0.157","0.148",,"0.148","-1.112","0.118",,,,"0.108",,,,"0.108",,,,"0.216",,,,"0.335",,
DilutedEPS,,"0.33","0.718","0.15","1.063","0.827","1.004","1.004","0.669","0.768","1.122","0.571","0.649","0.492","0.531","0.61","0.61","0.512","0.571","0.571","0.571","0.413","0.236","0.571","0.571","0.472","0.433","0.453","0.413","0.315","0.295","0.118","0.394","-3.503",,"0.394","0.374","0.394",,"0.512","0.63","0.512",,"0.276","0.157","0.335",,"0.472","0.374","0.748",,"0.945","0.964","1.279",,"1.004","1.023","0.886",,"0.984","1.043","0.925",,"0.886","0.925","0.866",,"0.502","0.836","0.817",,"0.787","0.768","0.738",,"0.679","0.659","0.61",,"0.581","0.581","0.502",,"0.512","0.482","0.433",,"0.413","0.443","0.423",,"0.423","0.413","0.394",,"0.108","0.354","0.344",,"0.335","0.325","-0.197",,"0.315","0.276","0.246",,"0.236","0.079","0.226",,"0.177","0.167","0.148",,"0.167","0.157","0.148",,"0.148","-1.112","0.118",,,,"0.108",,,,"0.108",,,,"0.216",,,,"0.335",,
BasicAverageShares,,"149,715,152","152,965,571","131,026,667","82,738,277","42,326,466","42,319,251","83,390,005","84,206,739","85,618,238","85,987,118","85,853,996","85,662,442","85,311,346","85,061,869","85,038,497","85,022,238","84,795,117","84,518,711","84,339,353","84,135,605","83,757,579","83,523,346","83,277,934","82,948,686","82,701,749","82,080,344","81,915,720","81,750,588","81,493,998","81,252,143","81,058,557","80,845,156","80,536,740",,"79,984,436","79,804,061","73,366,955",,"71,481,399","71,312,710","67,243,345",,"64,432,542","64,248,610","63,989,648",,"63,501,407","63,384,013","63,413,429",,"62,599,914","64,423,842","64,664,587",,"65,681,260","65,526,206","65,738,978",,"66,546,742","67,721,927","68,609,581",,"69,679,568","69,762,528","70,049,531",,"71,659,892","72,079,522","73,615,587",,"73,852,503","75,525,659","76,305,630",,"76,781,017","77,730,181","79,038,897",,"79,088,997","79,029,718","81,138,429",,"83,640,912","83,328,236","84,231,523",,"88,554,397","90,780,355","92,150,682",,"85,914,922","82,477,466","71,629,566",,"73,639,554","73,331,045","74,238,909",,"72,927,151","72,057,676","67,577,167",,"49,222,091","50,446,972","49,590,462",,"51,233,316","50,809,900","41,973,396",,"40,083,366","38,854,629","37,938,059",,"29,888,176","29,215,692","29,131,009",,"27,776,079","29,047,076","27,098,613",,,,"29,079,521",,,,"28,969,772",,,,"28,990,096",,,,"28,953,513",,
DilutedAverageShares,,"152,114,017","152,965,571","131,026,667","82,738,277","82,529,414","83,266,656","84,107,266","84,780,382","86,375,305","86,411,888","85,990,674","85,796,072","85,629,924","85,385,528","85,344,372","85,283,909","85,073,556","84,823,063","84,626,937","84,404,389","84,022,299","83,769,774","83,572,123","83,182,919","82,955,799","82,629,599","82,405,528","82,184,505","81,875,072","81,549,889","81,303,969","81,061,606","80,536,740",,"80,087,072","80,006,792","73,541,741",,"71,602,327","71,455,486","67,281,961",,"64,443,720","64,248,610","63,989,729",,"63,693,715","63,384,013","63,413,429",,"62,599,914","64,423,842","64,664,587",,"65,681,260","65,526,206","65,738,978",,"66,546,742","67,721,927","68,609,581",,"69,679,568","70,504,682","70,049,531",,"71,659,892","72,079,522","73,615,587",,"74,775,660","75,525,659","76,305,630",,"77,893,786","78,890,332","79,038,897",,"80,429,488","80,369,205","81,138,429",,"83,640,912","85,028,812","86,145,876",,"88,554,397","90,780,355","94,293,721",,"87,912,943","84,441,215","73,420,306",,"75,713,907","75,368,018","76,360,021",,"72,927,151","72,057,676","67,577,167",,"49,222,091","50,446,972","49,590,462",,"51,233,316","50,809,900","41,973,396",,"40,083,366","38,854,629","37,938,059",,"29,888,176","29,215,692","29,131,009",,"27,776,079","29,047,076","27,098,613",,,,"29,079,521",,,,"28,969,772",,,,"28,990,096",,,,"28,953,513",,
NetIncomeFromContinuingAndDiscontinuedOperation,"276,873,000","51,899,000","112,399,000","22,148,000","90,427,000","70,494,000","85,652,000","86,196,000","58,749,000","73,761,000","101,399,000","60,528,000","60,432,000","46,278,000","50,092,000","56,292,000","57,694,000","48,046,000","52,492,000","52,575,000","52,255,000","39,801,000","23,988,000","52,317,000","53,125,000","44,757,000","39,995,000","42,795,000","38,904,000","29,974,000","26,785,000","11,694,000","31,531,000","-282,894,000","18,154,000","31,717,000","29,837,000","29,686,000","30,725,000","36,893,000","45,025,000","33,921,000","19,456,000","17,451,000","23,543,000","26,647,000","27,704,000","30,126,000","23,702,000","47,426,000","62,817,000","59,138,000","62,129,000","82,724,000","53,733,000","65,927,000","67,061,000","58,222,000","65,540,000","65,486,000","70,641,000","63,465,000","67,402,000","61,712,000","65,218,000","60,661,000","59,496,000","35,964,000","60,291,000","60,127,000","59,776,000","58,867,000","57,971,000","56,317,000","54,195,000","52,890,000","52,014,000","48,223,000","52,165,000","46,697,000","46,662,000","40,721,000","44,900,000","42,800,000","41,000,000","37,300,000","39,500,000","36,600,000","40,200,000","39,900,000","39,900,000","37,200,000","34,900,000","28,900,000","27,500,000","5,300,000","26,700,000","26,300,000","25,500,000","24,400,000","23,400,000","-11,600,000","15,800,000","15,500,000","13,900,000","12,200,000","12,200,000","12,100,000","4,000,000","9,500,000","20,400,000","7,100,000","6,500,000","5,600,000","3,800,000","3,000,000","2,600,000","2,400,000","4,300,000","4,100,000","-31,000,000","1,900,000",,,,,,,,,,,,,,,,,,
NormalizedIncome,"450,677,880.574","81,443,020.328","152,023,926.563","118,943,330","93,934,580","77,823,950","90,805,958.565","86,196,000","85,063,988","75,389,889","101,399,000","60,528,000","61,345,635","50,921,100","50,092,000","56,292,000","57,694,000","48,046,000","52,492,000","52,575,000","52,255,000","39,801,000","23,988,000","52,317,000","53,125,000","44,757,000","45,670,889.397","42,830,420","38,904,000","29,974,000","26,785,000","11,694,000","31,531,000","-282,894,000","18,154,000","31,717,000","30,147,960.562","31,277,300.364","30,725,000","36,893,000","45,025,000","33,921,000","19,456,000","17,451,000","23,543,000","26,647,000","27,704,000","30,126,000","23,702,000","47,426,000","62,817,000","57,418,394.675","60,273,314.642","82,724,000","53,733,000","65,927,000","67,061,000","58,222,000","65,540,000","65,486,000","70,641,000","63,465,000","67,402,000","61,712,000","64,751,666.464","60,661,000","59,496,000","35,964,000","60,291,000","64,408,577.858","59,776,000","58,867,000","57,971,000","55,046,998.345","48,882,601.166","52,890,000","52,014,000","45,322,162.482","45,880,993.846","45,938,079.192","43,944,959.696","40,721,000","42,712,719.892","38,181,294.964","38,429,850.746","34,960,000","35,960,000","33,420,000","36,900,000","37,380,000","53,700,000","28,020,000","34,900,000","28,900,000","27,500,000","5,300,000","26,700,000","26,300,000","25,500,000","24,400,000","23,400,000","-11,600,000","15,800,000","14,720,000","12,160,000","10,040,000","12,200,000","9,520,000","2,920,000","8,960,000","20,340,000","5,540,000","5,537,037.037","4,640,000","1,800,000","-180,000","1,520,000","2,160,000","3,832,608.696","2,860,465.116","-21,757,763.975","340,000",,,,,,,,,,,,,,,,,,
InterestIncome,"1,779,408,000","495,392,000","509,778,000","459,808,000","306,943,000","303,245,000","293,497,000","287,182,000","286,323,000","275,262,000","270,628,000","257,605,000","248,517,000","242,307,000","231,658,000","232,726,000","234,004,000","232,342,000","225,451,000","223,604,000","223,081,000","219,794,000","219,808,000","219,703,000","220,091,000","214,627,000","215,929,000","215,453,000","217,608,000","215,550,000","219,027,000","219,852,000","218,215,000","227,529,000","230,307,000","235,443,000","236,298,000","235,903,000","240,744,000","241,107,000","244,214,000","243,812,000","243,495,000","238,998,000","239,754,000","235,934,000","237,802,000","240,995,000","240,448,000","245,150,000","249,202,000","246,834,000","238,325,000","233,662,000","233,041,000","228,250,000","219,141,000","205,706,000","196,385,000","184,293,000","179,999,000","171,345,000","163,388,000","157,413,000","152,789,000","149,219,000","148,919,000","156,482,000","164,004,000","172,114,000","182,352,000","182,406,000","184,234,000","184,371,000","195,777,000","205,545,000","212,726,000","212,561,000","214,408,000","210,709,000","204,407,000","197,157,000","193,000,000","188,700,000","186,400,000","184,000,000","185,300,000","185,200,000","186,900,000","191,500,000","198,700,000","173,300,000","157,200,000","145,100,000","142,200,000","145,400,000","146,400,000","148,900,000","153,200,000","154,000,000","151,600,000","148,800,000","94,300,000","91,500,000","87,200,000","84,700,000","88,300,000","89,200,000","89,900,000","74,900,000","78,600,000","79,700,000","80,400,000","79,700,000","83,600,000","87,200,000","89,600,000","91,900,000","95,800,000","96,800,000","102,900,000","103,200,000",,,,,,,,,,,,,,,,,,
InterestExpense,"339,802,000","93,911,000","101,025,000","88,015,000","56,619,000","52,338,000","44,609,000","38,061,000","35,524,000","32,063,000","28,768,000","23,502,000","21,356,000","20,193,000","20,212,000","20,708,000","21,020,000","20,684,000","19,782,000","18,334,000","17,052,000","16,374,000","15,734,000","15,523,000","13,990,000","13,353,000","14,067,000","15,826,000","15,564,000","16,459,000","17,964,000","19,293,000","19,991,000","47,356,000","56,873,000","59,379,000","60,148,000","61,863,000","66,458,000","67,352,000","67,715,000","69,150,000","73,854,000","77,509,000","83,291,000","90,521,000","90,685,000","88,830,000","88,886,000","102,321,000","109,631,000","109,130,000","100,900,000","98,185,000","97,154,000","93,217,000","83,699,000","74,538,000","67,103,000","56,223,000","48,714,000","42,292,000","36,899,000","32,923,000","30,370,000","30,726,000","29,827,000","36,605,000","44,240,000","49,702,000","55,729,000","58,637,000","59,925,000","59,847,000","70,031,000","83,138,000","93,448,000","98,770,000","103,584,000","100,035,000","94,209,000","90,317,000","86,900,000","82,200,000","79,700,000","79,200,000","80,700,000","80,600,000","79,600,000","82,300,000","87,700,000","73,400,000","64,600,000","59,100,000","58,200,000","59,600,000","60,500,000","64,400,000","70,400,000","72,500,000","72,300,000","73,200,000","39,000,000","37,000,000","37,700,000","39,000,000","42,000,000","42,500,000","42,800,000","37,200,000","41,400,000","44,600,000","45,100,000","48,300,000","53,800,000","57,500,000","59,700,000","64,100,000","70,100,000","72,300,000","78,200,000","78,600,000",,,,,,,,,,,,,,,,,,
NetInterestIncome,"1,439,606,000","401,481,000","408,753,000","371,793,000","250,324,000","250,907,000","248,888,000","249,121,000","250,799,000","243,199,000","241,860,000","234,103,000","227,161,000","222,114,000","211,446,000","212,018,000","212,984,000","211,658,000","205,669,000","205,270,000","206,029,000","203,420,000","204,074,000","204,180,000","206,101,000","201,274,000","201,862,000","199,627,000","202,044,000","199,091,000","201,063,000","200,559,000","198,224,000","180,173,000","173,434,000","176,064,000","176,150,000","174,040,000","174,286,000","173,755,000","176,499,000","174,662,000","169,641,000","161,489,000","156,463,000","145,413,000","147,117,000","152,165,000","151,562,000","142,829,000","139,571,000","137,704,000","137,425,000","135,477,000","135,887,000","135,033,000","135,442,000","131,168,000","129,282,000","128,070,000","131,285,000","129,053,000","126,489,000","124,490,000","122,419,000","118,493,000","119,092,000","119,877,000","119,764,000","122,412,000","126,623,000","123,769,000","124,309,000","124,524,000","125,746,000","122,407,000","119,278,000","113,791,000","110,824,000","110,674,000","110,198,000","106,840,000","106,100,000","106,500,000","106,700,000","104,800,000","104,600,000","104,600,000","107,300,000","109,200,000","111,000,000","99,900,000","92,600,000","86,000,000","84,000,000","85,800,000","85,900,000","84,500,000","82,800,000","81,500,000","79,300,000","75,600,000","55,300,000","54,500,000","49,500,000","45,700,000","46,300,000","46,700,000","47,100,000","37,700,000","37,200,000","35,100,000","35,300,000","31,400,000","29,800,000","29,700,000","29,900,000","27,800,000","25,700,000","24,500,000","24,700,000","24,600,000",,,,,,,,,,,,,,,,,,
ReconciledDepreciation,"75,620,000","18,450,000","100,684,000","93,425,000","58,021,000","56,508,000","55,544,000","56,823,000","53,629,000","56,606,000","57,254,000","54,394,000","49,454,000","45,465,000","47,123,000","43,252,000","45,872,000","45,979,000","46,003,000","36,468,000","38,012,000","36,804,000","33,273,000","33,306,000","32,703,000","29,419,000","32,721,000","30,246,000","25,043,000","29,940,000","30,228,000","40,539,000","20,296,000","18,129,000","17,951,000","14,960,000","20,373,000","19,899,000","20,946,000","21,306,000","22,224,000","22,156,000","22,673,000","15,599,000","15,659,000","15,701,000","15,979,000","16,019,000","16,669,000","16,146,000","16,553,000","15,622,000","16,041,000","15,953,000","15,894,000","15,181,000","14,510,000","14,222,000","12,774,000","20,885,000","12,928,000","9,560,000","26,293,000","8,741,000","6,305,000","13,248,000","55,097,000","-29,803,000","49,656,000","9,361,000","-4,139,000","23,752,000","10,257,000","10,902,000","15,486,000","13,405,000","12,439,000","10,798,000","10,222,000","10,416,000","9,899,000","9,833,000","9,900,000","10,000,000","9,700,000","10,100,000","2,600,000","15,300,000","11,100,000","10,300,000","9,400,000","16,200,000","7,000,000","6,600,000","5,700,000","5,600,000","5,500,000","5,400,000","7,000,000","6,900,000","3,300,000","4,100,000","2,900,000","5,300,000","700,000","1,500,000","100,000","-1,200,000","3,100,000","600,000","1,500,000","4,000,000","100,000","400,000","-300,000","2,000,000","2,100,000","2,100,000","800,000","2,700,000","16,500,000","2,300,000",,,,,,,,,,,,,,,,,,
NetIncomeFromContinuingOperationNetMinorityInterest,"276,873,000","51,899,000","112,399,000","22,148,000","90,427,000","70,494,000","85,652,000","86,196,000","58,749,000","73,761,000","101,399,000","60,528,000","60,432,000","46,278,000","50,092,000","56,292,000","57,694,000","48,046,000","52,492,000","52,575,000","52,255,000","39,801,000","23,988,000","52,317,000","53,125,000","44,757,000","39,995,000","42,795,000","38,904,000","29,974,000","26,785,000","11,694,000","31,531,000","-282,894,000","18,154,000","31,717,000","29,837,000","29,686,000","30,725,000","36,893,000","45,025,000","33,921,000","19,456,000","17,451,000","23,543,000","26,647,000","27,704,000","30,126,000","23,702,000","47,426,000","62,817,000","59,138,000","62,129,000","82,724,000","53,733,000","65,927,000","67,061,000","58,222,000","65,540,000","65,486,000","70,641,000","63,465,000","67,402,000","61,712,000","65,218,000","60,661,000","59,496,000","35,964,000","60,291,000","60,127,000","59,776,000","58,867,000","57,971,000","56,317,000","54,195,000","52,890,000","52,014,000","48,223,000","52,165,000","46,697,000","46,662,000","40,721,000","44,900,000","42,800,000","41,000,000","37,300,000","39,500,000","36,600,000","40,200,000","39,900,000","39,900,000","37,200,000","34,900,000","28,900,000","27,500,000","5,300,000","26,700,000","26,300,000","25,500,000","24,400,000","23,400,000","-11,600,000","15,800,000","15,500,000","13,900,000","12,200,000","12,200,000","12,100,000","4,000,000","9,500,000","20,400,000","7,100,000","6,500,000","5,600,000","3,800,000","3,000,000","2,600,000","2,400,000","4,300,000","4,100,000","-31,000,000","1,900,000",,,,,,,,,,,,,,,,,,
TotalUnusualItemsExcludingGoodwill,"-199,238,000","-36,728,000","-47,025,000","-111,259,000","-4,226,000","-9,458,000","-6,324,000","0","-33,268,000","-2,091,000",,,"-1,285,000","-6,633,000",,,,,,,,,"0",,,,"-8,814,000","-55,000","0","0","0","0","0",,,,"-496,000","-2,548,000",,,,,,,,,,,,,,"2,492,000","2,723,000",,,,,,,,,,,,"706,000",,,,,"-6,576,000","0",,,"1,962,000","8,219,000",,,"4,660,000","10,218,000","1,234,000","4,418,000",,"3,600,000","7,500,000","4,200,000","3,900,000","5,900,000","5,300,000","5,500,000","4,200,000","-23,000,000","15,300,000",,,,,,,,,,,,"1,300,000","2,900,000","3,600,000",,"4,300,000","1,800,000","900,000","100,000","2,600,000","1,600,000","1,600,000","3,000,000","5,300,000","1,800,000","400,000","500,000","1,300,000","-9,600,000","2,600,000",,,,,,,,,,,,,,,,,,
TotalUnusualItems,"-199,238,000","-36,728,000","-47,025,000","-111,259,000","-4,226,000","-9,458,000","-6,324,000","0","-33,268,000","-2,091,000",,,"-1,285,000","-6,633,000",,,,,,,,,"0",,,,"-8,814,000","-55,000","0","0","0","0","0",,,,"-496,000","-2,548,000",,,,,,,,,,,,,,"2,492,000","2,723,000",,,,,,,,,,,,"706,000",,,,,"-6,576,000","0",,,"1,962,000","8,219,000",,,"4,660,000","10,218,000","1,234,000","4,418,000",,"3,600,000","7,500,000","4,200,000","3,900,000","5,900,000","5,300,000","5,500,000","4,200,000","-23,000,000","15,300,000",,,,,,,,,,,,"1,300,000","2,900,000","3,600,000",,"4,300,000","1,800,000","900,000","100,000","2,600,000","1,600,000","1,600,000","3,000,000","5,300,000","1,800,000","400,000","500,000","1,300,000","-9,600,000","2,600,000",,,,,,,,,,,,,,,,,,
TaxRateForCalcs,"0.128","0.196","0.157","0.13","0.17","0.225","0.185","0.24","0.209","0.221","0.4","0.327","0.289","0.3","0.364","0.34","0.329","0.348","0.328","0.358","0.345","0.354","0.302","0.363","0.361","0.364","0.356","0.356","0.32","0.356","0.273","0.323","0.38","0.377","0.304","0.364","0.373","0.375","0.336","0.377","0.378","0.378","0.328","0.273","0.387","0.362","0.388","0.345","0.35","0.34","0.267","0.31","0.319","0.248","0.321","0.319","0.286","0.333","0.289","0.306","0.274","0.343","0.33","0.339","0.339","0.339","0.321","0.348","0.349","0.349","0.339","0.351","0.352","0.353","0.354","0.378","0.377","0.378","0.385","0.385","0.385","0.385","0.392","0.384","0.388","0.4","0.4","0.4","0.4","0.4","0.4","0.4","0.391","0.39","0.374","0.354","0.385","0.369","0.359","0.393","0.397","0.399","0.4","0.4","0.4","0.4","0.4","0.4","0.4","0.4","0.4","0.4","0.398","0.4","0.333","0.4","0.4","0.4","0.065","0.047","0.037","0.4",,,,,,,,,,,,,,,,,,
TaxEffectOfUnusualItems,"-25,433,119.426","-7,183,979.672","-7,400,073.437","-14,463,670","-718,420","-2,128,050","-1,170,041.435","0","-6,953,012","-462,111","0","0","-371,365","-1,989,900","0","0","0","0","0","0","0","0","0","0","0","0","-3,138,110.603","-19,580","0","0","0","0","0","0","0","0","-185,039.438","-956,699.636","0","0","0","0","0","0","0","0","0","0","0","0","0","772,394.675","867,314.642","0","0","0","0","0","0","0","0","0","0","0","239,666.464","0","0","0","0","-2,294,422.142","0","0","0","691,998.345","2,906,601.166","0","0","1,759,162.482","3,933,993.846","475,079.192","1,700,959.696","0","1,412,719.892","2,881,294.964","1,629,850.746","1,560,000","2,360,000","2,120,000","2,200,000","1,680,000","-9,200,000","6,120,000","0","0","0","0","0","0","0","0","0","0","0","520,000","1,160,000","1,440,000","0","1,720,000","720,000","360,000","40,000","1,040,000","637,037.037","640,000","1,000,000","2,120,000","720,000","160,000","32,608.696","60,465.116","-357,763.975","1,040,000",,,,,,,,,,,,,,,,,,