name,ttm,12/31/2019,09/30/2019,06/30/2019,03/31/2019,12/31/2018,09/30/2018,06/30/2018,03/31/2018,12/31/2017,09/30/2017,06/30/2017,03/31/2017,12/31/2016,09/30/2016,06/30/2016,03/31/2016,12/31/2015,09/30/2015,06/30/2015,03/31/2015,12/31/2014,09/30/2014,06/30/2014,03/31/2014,12/31/2013,09/30/2013,06/30/2013,03/31/2013,12/31/2012,09/30/2012,06/30/2012,03/31/2012,12/31/2011,09/30/2011,06/30/2011,03/31/2011,12/31/2010,09/30/2010,06/30/2010,03/31/2010,12/31/2009,09/30/2009,06/30/2009,03/31/2009,12/31/2008,09/30/2008,06/30/2008,03/31/2008,12/31/2007,09/30/2007,06/30/2007,03/31/2007,12/31/2006,09/30/2006,06/30/2006,03/31/2006,12/31/2005,09/30/2005,06/30/2005,03/31/2005,12/31/2004,09/30/2004,06/30/2004,03/31/2004,12/31/2003,09/30/2003,06/30/2003,03/31/2003
TotalRevenue,"35,666,000,000","8,335,000,000","10,476,000,000","8,691,000,000","8,164,000,000","7,560,000,000","9,355,000,000","7,319,000,000","6,731,000,000","6,173,000,000","7,899,676,057","6,415,769,201","6,085,061,889","5,067,281,835","5,571,866,642","4,411,284,781","4,178,006,556","2,874,055,118","3,181,600,455","2,527,136,246","2,314,776,242","1,913,298,774","2,129,570,543","1,722,260,930","1,581,788,122","1,440,406,093","1,540,975,612","84,347,569","1,160,508,134","1,101,355,266","186,641,189","62,816,657","910,808,391","1,690,356,109","974,700,811","833,027,708","764,523,010","787,126,531","812,204,703","695,180,390","586,721,873","1,100,845,916","545,429,135","476,286,925","400,577,420","786,884,771.068","400,331,634.231","401,666,706.136","366,733,153.084","396,831,748.201","345,978,629.6","308,832,629.285","249,103,922.083","246,104,114.103","222,383,987.761","33,994,385.232","167,341,331.812","135,783,485.222","150,301,253.435","137,456,693.994","103,310,815.311","84,434,654.833","96,197,500.354","85,193,579.069","67,994,513.834","43,294,202.977","43,294,219.533","43,294,219.533","43,294,219.533"
	OperatingRevenue,"33,255,000,000","7,611,000,000","9,811,000,000","8,177,000,000","7,656,000,000","7,070,000,000","8,893,000,000","6,928,000,000","6,389,000,000","5,865,000,000","7,484,546,650","6,115,124,056","5,791,625,291","4,939,418,161","5,478,943,627","4,400,272,784","4,235,161,881","2,916,984,237","3,299,316,532","2,607,111,782","2,388,313,382","1,957,109,949","2,211,597,924","1,773,663,386","1,637,904,375","1,493,113,681","1,606,344,825","92,750,195","1,193,209,854","1,138,747,769","198,470,525","34,165,013","963,598,995","1,918,575,673","974,700,811","833,027,708","764,523,010","787,126,531","812,204,703","695,180,390","586,721,873","1,100,845,916","545,429,135","507,658,610","400,577,420","786,884,771.068","400,331,634.231","401,666,706.136","366,733,153.084","396,831,748.201","345,978,629.6","308,832,629.285","249,103,922.083","246,104,114.103","222,383,987.761","33,994,385.232","167,341,331.812","135,783,485.222","150,301,253.435","137,456,693.994","103,310,815.311","84,434,654.833","96,197,500.354","85,193,579.069","67,994,513.834","43,294,202.977","43,294,219.533","43,294,219.533","43,294,219.533"
	ExciseTaxes,"50,000,000","8,000,000","23,000,000","10,000,000","9,000,000","25,000,000","41,000,000","38,000,000","35,000,000","46,000,000","57,274,816","45,794,149","48,208,523","111,476,576","95,928,079","131,107,435","221,134,734","158,331,192","174,168,169","138,352,668","128,526,318","107,108,067","129,901,116","97,244,864","91,384,691","87,566,153","99,510,607","7,394,520","67,900,120","65,938,822","11,829,336","4,535,969","52,790,604",,,,,,,,,,,"31,371,685",,,,,,,,,,,,,,,,,,,,,,,,,
CostOfRevenue,"7,372,000,000","1,728,000,000","2,157,000,000","1,798,000,000","1,689,000,000","1,620,000,000","1,991,000,000","1,469,000,000","1,244,000,000","1,061,000,000","1,303,483,658","1,124,094,146","1,189,306,790","1,126,360,012","1,234,297,161","1,233,148,536","1,135,944,483","763,236,345","845,578,129","730,019,031","704,606,314","583,612,903","588,980,230","478,601,393","449,411,887","394,362,609","379,121,709","4,939,375","304,171,687","284,704,746","45,500,369","15,212,147","225,956,740","389,239,942","226,126,062","189,763,780","164,706,899","169,529,242","176,199,743","151,154,849","128,377,508","218,188,606","124,352,706","108,061,461","89,970,448","159,970,967.633","87,118,955.818","79,628,447.404","68,010,172.006","69,043,968.609","64,038,995.144","57,159,364.475","48,544,684.416","46,527,595.01","43,603,062.393","7,394,457.263","28,178,188.923","30,715,181.483","24,006,352.985","19,720,026.811","15,002,847.205","15,460,902.079","12,268,872.274","11,024,972.62","9,720,559.69",,,,
GrossProfit,"28,294,000,000","6,607,000,000","8,319,000,000","6,893,000,000","6,475,000,000","5,940,000,000","7,364,000,000","5,850,000,000","5,487,000,000","5,112,000,000","6,596,192,399","5,291,675,055","4,895,755,099","3,940,921,823","4,337,569,481","3,178,136,245","3,042,062,073","2,110,818,773","2,336,022,326","1,797,117,215","1,610,169,928","1,329,685,871","1,540,590,313","1,243,659,537","1,132,376,235","1,046,043,484","1,161,853,903","79,408,194","856,336,447","816,650,520","141,140,820","47,604,510","684,851,651","1,301,116,167","748,574,749","643,263,928","599,816,111","617,597,289","636,004,960","544,025,541","458,344,365","882,657,310","421,076,429","368,225,464","310,606,972","626,913,803.435","313,212,678.413","322,038,258.731","298,722,981.078","327,787,779.592","281,939,634.456","251,673,264.81","200,559,237.667","199,576,519.093","178,780,925.368","26,599,927.969","139,163,142.888","105,068,303.74","126,294,900.45","117,736,667.183","88,307,968.106","68,973,752.754","83,928,628.08","74,168,606.448","58,273,954.144",,,,
OperatingExpense,"23,254,000,000","6,027,000,000","6,077,000,000","5,560,000,000","5,590,000,000","6,129,000,000","5,884,000,000","5,126,000,000","4,897,000,000","4,809,000,000","5,237,194,130","4,646,412,801","4,481,581,313","3,733,535,420","3,890,145,737","3,574,049,247","4,869,437,704","2,015,626,088","1,930,788,000","1,736,233,923","1,790,437,286","1,730,592,351","1,452,347,767","1,152,739,878","1,061,429,104","863,100,618","862,312,504","43,484,267","696,319,701","696,743,598","110,894,380","56,110,826","508,295,463","807,793,011","444,282,488","374,885,175","337,074,439","325,313,567","327,983,311","286,647,358","261,902,632","423,611,653","221,878,880","204,547,430","175,368,067","347,864,917.883","178,566,927.633","167,983,088.427","162,205,789.603","533,243,521.955","147,740,223.168","135,442,156.766","112,543,723.594","106,958,682.999","100,236,898.807","10,298,904.053","78,052,118.139","66,486,296.795","54,129,627.327","51,996,426.045","42,699,401.343","50,042,252.843","37,265,110.437","33,296,465.99","29,071,165.779",,,,
	SellingGeneralAndAdministration,"12,584,000,000","3,333,000,000","3,287,000,000","2,918,000,000","3,046,000,000","3,411,000,000","3,393,000,000","2,875,000,000","2,737,000,000","2,735,000,000","3,051,754,761","2,609,674,780","2,518,896,076","2,011,199,089","2,045,739,706","1,850,291,699","2,472,516,108","1,155,184,342","1,099,487,232","939,730,043","981,990,744","941,404,752","840,102,264","673,477,684","620,775,647","530,227,596","526,850,675","1,165,160","428,787,084","432,643,964","72,190,694","43,982,962","312,079,313","504,710,224","282,703,177","238,061,906","206,787,729","204,676,133","204,783,539","177,353,384","161,180,812","272,204,658","141,120,309","128,261,648","112,045,349","230,607,588.894","116,806,084.902","111,123,703.605","108,665,813.39","113,171,116.299","99,778,408.952","93,934,505.799","78,536,757.401","75,371,302.515","72,911,032.52","8,693,639.558","55,055,722.288","48,459,950.224","40,100,884.128","37,749,903.736","30,881,514.403","36,548,677.946","27,937,473.137","24,878,357.308","21,858,355.737",,,,
		GeneralAndAdministrativeExpense,"3,289,000,000","846,000,000","809,000,000","810,000,000","824,000,000","802,000,000","688,000,000","684,000,000","646,000,000","701,000,000","673,903,837","608,203,223","638,265,375","540,338,329","539,181,215","510,107,769","929,191,857","306,510,322","261,395,780","261,010,168","259,486,138","234,203,387","241,916,476","194,203,673","191,227,092","154,055,198","172,348,825","-2,584,666","161,292,761","151,879,211","24,043,346","10,152,129","128,674,249","195,409,999","108,847,827","96,617,795","82,145,928","77,706,831","79,623,531","70,629,317","66,741,488","103,664,035","47,188,825","45,444,456","41,321,278",,,,,,,,,,,,,,,,,,,,,,,,
			OtherGandA,"3,289,000,000","846,000,000","809,000,000","810,000,000","824,000,000","802,000,000","688,000,000","684,000,000","646,000,000","701,000,000","673,903,837","608,203,223","638,265,375","540,338,329","539,181,215","510,107,769","929,191,857","306,510,322","261,395,780","261,010,168","259,486,138","234,203,387","241,916,476","194,203,673","191,227,092","154,055,198","172,348,825","-2,584,666","161,292,761","151,879,211","24,043,346","10,152,129","128,674,249","195,409,999","108,847,827","96,617,795","82,145,928","77,706,831","79,623,531","70,629,317","66,741,488","103,664,035","47,188,825","45,444,456","41,321,278",,,,,,,,,,,,,,,,,,,,,,,,
		SellingAndMarketingExpense,"9,295,000,000","2,487,000,000","2,478,000,000","2,108,000,000","2,222,000,000","2,609,000,000","2,705,000,000","2,191,000,000","2,091,000,000","2,034,000,000","2,377,850,924","2,001,471,557","1,880,630,701","1,470,860,760","1,506,558,491","1,340,183,930","1,543,324,251","848,674,020","838,091,452","678,719,875","722,504,606","707,201,365","598,185,788","479,274,011","429,548,555","376,172,398","354,501,850","3,749,826","267,494,323","280,764,753","48,147,348","33,830,833","183,405,064","309,300,225","173,855,350","141,444,111","124,641,801","126,969,302","125,160,008","106,724,067","94,439,324","168,540,623","93,931,484","82,817,192","70,724,071",,,,,,,,,,,,,,,,,,,,,,,,
	ResearchAndDevelopment,"10,670,000,000","2,694,000,000","2,790,000,000","2,642,000,000","2,544,000,000","2,718,000,000","2,491,000,000","2,251,000,000","2,160,000,000","2,074,000,000","2,185,439,369","2,036,738,021","1,962,685,237","1,722,336,331","1,844,406,031","1,723,757,548","2,396,921,596","860,441,746","831,300,768","796,503,880","808,446,542","789,187,599","612,245,503","479,262,194","440,653,457","332,873,022","335,461,829","42,319,107","267,532,617","264,099,634","38,703,686","12,127,864","196,216,150","303,082,787","161,579,311","136,823,269","130,286,710","120,637,434","123,199,772","109,293,974","100,721,820","151,406,995","80,758,571","76,285,782","63,322,718","117,257,328.989","61,760,842.732","56,859,384.821","53,539,976.213","55,657,284.518","47,961,814.216","41,507,650.967","34,006,966.193","31,587,380.483","27,325,866.287","1,605,264.495","22,996,395.85","18,390,518.489","13,905,534.56","14,123,268.934","11,694,633.565","13,000,669.012","9,574,119.217","8,294,863.585","7,089,573.223",,,,
	DepreciationAmortizationDepletionIncomeStatement,,,,,,,,,,,,,,,,,,,,,,,,,,,,,,,,,,,,,,,,,,,,,,,,,,,,,,,,,,,"123,208.64","123,253.375","123,253.375",,"246,490.194","123,245.097","123,245.097",,,,
		DepreciationAndAmortizationInIncomeStatement,,,,,,,,,,,,,,,,,,,,,,,,,,,,,,,,,,,,,,,,,,,,,,,,,,,,,,,,,,,"123,208.64","123,253.375","123,253.375",,"246,490.194","123,245.097","123,245.097",,,,
			Amortization,,,,,,,,,,,,,,,,,,,,,,,,,,,,,,,,,,,,,,,,,,,,,,,,,,,,,,,,,,,"123,208.64","123,253.375","123,253.375",,"246,490.194","123,245.097","123,245.097",,,,
				AmortizationOfIntangiblesIncomeStatement,,,,,,,,,,,,,,,,,,,,,,,,,,,,,,,,,,,,,,,,,,,,,,,,,,,,,,,,,,,"123,208.64","123,253.375","123,253.375",,"246,490.194","123,245.097","123,245.097",,,,
	OtherOperatingExpenses,,,,,,,,,,,,,,,,,,,,,,,,,,,,,,,,,,,,,,,,,,,,,,,,,,,,,,,,,,,,,,,"8.278",,"-8.278",,,,
OperatingIncome,"5,040,000,000","580,000,000","2,242,000,000","1,333,000,000","885,000,000","-189,000,000","1,480,000,000","724,000,000","590,000,000","303,000,000","1,358,998,269","645,262,254","414,173,786","207,386,403","447,423,744","-395,913,002","-1,827,375,631","95,192,685","405,234,326","60,883,292","-180,267,358","-400,906,480","88,242,546","90,919,659","70,947,131","182,942,866","299,541,399","35,923,927","160,016,746","119,906,922","30,246,440","-8,506,316","176,556,188","493,323,156","304,292,261","268,378,753","262,741,672","292,283,722","308,021,649","257,378,183","196,441,733","459,045,657","199,197,549","163,678,034","135,238,905","279,048,885.551","134,645,750.78","154,055,170.305","136,517,191.475","-205,455,742.363","134,199,411.288","116,231,108.045","88,015,514.074","92,617,836.094","78,544,026.561","16,301,023.916","61,111,024.75","38,582,006.944","72,165,273.123","65,740,241.139","45,608,566.763","18,931,499.911","46,663,517.643","40,872,140.459","29,202,788.364","-71,797,255.878","43,294,219.533","43,294,219.533","43,294,219.533"
NetNonOperatingInterestIncomeExpense,"417,000,000","149,000,000","86,000,000","136,000,000","46,000,000","152,000,000","128,000,000","-47,000,000","158,000,000","12,000,000","-47,186,905","-134,020,006","-129,977,834","-93,259,298","-92,002,288","-62,730,628","32,589,922","29,753,598","26,508,874","77,523,172","-2,973,397","6,672,116","26,804,624","49,584,589","59,167,540","24,790,755","52,612,266","20,502,916","22,559,420","34,061,163","8,608,052","-13,907,789","45,773,353","51,723,832","31,233,511","23,045,312","19,013,573","13,526,761","9,767,903","8,954,150","5,337,051","8,050,993","4,340,502","5,000,977","3,363,165",,,,,,,,,,,,,,,,,,,,,,,,
	InterestIncomeNonOperating,"2,094,000,000","536,000,000","509,000,000","562,000,000","487,000,000","574,000,000","521,000,000","324,000,000","480,000,000","336,000,000","271,592,321","249,426,782","130,280,136","126,421,150","99,167,513","150,858,298","190,697,649","124,921,975","121,846,900","136,364,251","62,633,910","57,159,146","71,980,305","83,277,622","92,166,471","70,556,062","52,612,266","20,502,916","22,559,420","34,061,163","8,608,052","-13,907,789","45,773,353","51,723,832","31,233,511","23,045,312","19,013,573","13,526,761","9,767,903","8,954,150","5,337,051","8,050,993","4,340,502","5,000,977","3,363,165",,,,,,,,,,,,,,,,,,,,,,,,
	InterestExpenseNonOperating,"1,677,000,000","387,000,000","423,000,000","426,000,000","441,000,000","422,000,000","393,000,000","371,000,000","322,000,000","324,000,000","318,779,226","383,446,788","260,257,970","219,680,448","191,169,801","162,964,862","158,107,727","95,168,377","95,338,026","58,841,079","53,078,347","50,487,030","45,175,681","33,693,033","32,998,931","45,765,307",,,,,,,,,,,,,,,,,,,,,,,,,,,,,,,,,,,,,,,,,,,
	TotalOtherFinanceCost,,,,,,,,,,,,,,,,,,,,,"12,528,960",,,,,,,,,,,,,,,,,,,,,,,,,,,,,,,,,,,,,,,,,,,,,,,,
OtherIncomeExpense,"3,630,000,000","1,775,000,000","-1,349,000,000","-1,412,000,000","4,616,000,000","-1,103,000,000","-2,625,000,000","2,256,000,000","397,000,000","337,000,000","233,444,936","397,102,679","-88,401,074","-286,715,547","-27,905,573","20,201,029","318,195,868","90,854,149","2,393,697,312","11,924,843","-2,967,514","45,500,152","107,538,979","5,265,556","-14,298,252","63,568,051","67,808,945","16,367,104","7,689,137","58,378,812","971,386","46,928,660","9,437,752","45,756,402","54,347,195","17,520,128","12,924,512","38,217,360","44,345,553","15,980,806","581,797","39,899,798","2,625,101","18,276,381","9,583,089","18,856,750.805","11,536,829.172","24,584,330.283","18,856,589.591","13,428,337.368","13,583,524.088","5,665,345.04","2,833,317.418","-225,101.386","8,109,776.857","-2,118,109.29","2,744,139.647","6,186,908.389","10,344,630.084","3,346,160.68","3,208,122.529","1,187,318.498","3,089,554.587","392,607.82","-199,503.415",,,,
	GainOnSaleOfSecurity,"2,274,000,000",,,,,,,,,,,,,,,,,,,,"-22,465,668",,,,,,,,,,,,,,,,,,,,,,,,,,,,,,,,,,,,,,,,,,,,,,,,
	SpecialIncomeCharges,"594,000,000",,,,,,,,,,,,,,,,,,,,,,,,,,,,,,"971,386",,"9,437,752","45,756,402","54,347,195","17,520,128","12,924,512","38,217,360","44,345,553","15,980,806","581,797","39,899,798","2,625,101","18,276,381","9,583,089","18,856,750.805","11,536,829.172","24,584,330.283","18,856,589.591","13,428,337.368","13,583,524.088","5,665,345.04","2,833,317.418","-225,101.386","8,109,776.857","-2,118,109.29","2,744,139.647","6,186,908.389","10,344,630.084","3,346,160.68","3,208,122.529","1,187,318.498","3,089,554.587","392,607.82","-199,503.415",,,,
		WriteOff,"398,000,000"
		GainOnSaleOfBusiness,"196,000,000"
	OtherNonOperatingIncomeExpenses,"762,000,000","1,990,000,000","-1,349,000,000","-1,412,000,000","4,616,000,000","-1,103,000,000","-2,625,000,000","2,256,000,000","397,000,000","337,000,000","233,444,936","397,102,679","-88,401,074","-286,715,547","-27,905,573","-204,258,363","318,195,868","90,854,149","2,393,697,312","11,924,843","19,498,154","45,500,152","107,538,979","5,265,556","-14,298,252","63,568,051","67,808,945","16,367,104","7,689,137","58,378,812",,,,,,,,,,,,,,,,,,,,,,,,,,,,,,,,,,,,,,,
PretaxIncome,"9,087,000,000","2,504,000,000","979,000,000","57,000,000","5,547,000,000","-1,140,000,000","-1,017,000,000","2,933,000,000","1,145,000,000","652,000,000","1,545,256,300","908,344,927","195,794,878","-172,588,442","327,515,883","-438,442,601","-1,476,589,841","215,800,432","2,825,440,512","150,331,307","-186,208,269","-348,734,212","222,586,149","145,769,804","115,816,419","271,301,672","419,962,610","72,793,947","190,265,303","212,346,897","39,825,878","24,514,555","231,767,293","590,803,390","389,872,967","308,944,193","294,679,757","344,027,843","362,135,105","282,313,139","202,360,581","372,441,430","206,163,152","186,955,392","148,185,159","259,259,608.694","127,129,884.543","161,080,361.531","136,655,480.907","150,419,621.31","129,284,808.808","103,836,817.575","77,154,433.09","79,405,383.126","75,949,818.792","14,444,941.841","56,896,339.949","72,992,443.652","75,745,145.223","63,797,657.347","45,110,213.855","36,345,970.887","45,568,930.981","37,671,393.761","26,096,155.954",,,,
TaxProvision,"1,742,000,000","364,000,000","365,000,000","336,000,000","677,000,000","35,000,000","257,000,000","322,000,000","179,000,000","238,000,000","313,405,180","529,202,309","148,445,807","110,246,775","221,246,469","52,984,311","93,531,478","71,482,684","361,093,550","31,322,795","6,289,394","-13,379,084","50,423,327","47,090,068","46,686,845","69,776,649","92,166,420","9,040,943","61,378,155","53,776,285","9,450,491","51,760,197","64,797,513","132,177,198","82,055,004","47,954,023","62,849,199","66,126,123","62,186,716","52,389,816","24,314,306","71,455,502","26,809,547","33,393,036","26,792,879","39,608,126.697","21,783,247.571","41,578,374.335","37,757,903.379","11,175,705.732","19,526,817.64","15,720,099.387","12,245,489.911","11,125,746.59","11,295,302.86","2,067,897.802","8,508,291.026","8,201,259.33","10,075,992.2","7,172,694.127","5,423,214.741","-5,266,948.103","7,201,932.553","6,236,286.355","4,345,854.909",,,,
EarningsFromEquityInterestNetOfTax,"-347,000,000","-147,000,000","206,000,000","-123,000,000","-283,000,000","-66,000,000","169,000,000","-213,000,000","78,000,000","-98,000,000","32,357,293","-26,696,373","27,267,588","873,284,942","-63,833,906","-99,658,215","-107,909,642","-94,569,524","-30,123,031","-20,479,317","9,391,560","38,233,823","16,323,840","13,215,687","19,231,991","35,251,442","24,740,697","-4,613,679","87,806","4,265,040","762,483","-22,350,572","4,161,068","32,472,483","20,372,237","4,681,110","4,796,882","24,521,408","23,192,105","7,222,181",,,"11,573,606","6,581,137",,,,,,,,,,,,,,,,,,,,,,,,,
NetIncomeCommonStockholders,"7,011,000,000","2,008,000,000","793,000,000","-403,000,000","4,613,000,000","-1,190,000,000","-1,139,000,000","2,381,000,000","1,060,000,000","350,000,000","1,229,117,787","326,872,069","82,447,981","645,315,988","23,917,442","-521,252,534","-1,578,684,091","75,727,862","2,415,136,281","142,778,422","-125,986,681","-224,424,706","216,924,554","134,888,180","115,351,753","261,479,401","372,987,716","56,909,621","153,471,473","192,552,026","30,838,976","-49,383,302","169,053,001","487,432,227","325,280,298","263,702,372","234,908,333","302,273,735","320,139,161","235,211,413","190,445,431","311,598,093","188,516,721","158,858,808","121,392,280","219,658,777.358","105,360,041.597","119,250,655.621","98,868,612.352","139,274,881.493","109,725,256.136","88,129,233.549","64,902,195.199","68,218,617.792","64,641,635.436","12,143,480.662","48,430,332.84","64,808,987.555","65,523,472.927","56,551,271.129","39,616,419.607","41,599,872.625","38,354,059.679","31,442,748.138","21,729,680.174","-37,083,868.621","13,455,735.474","13,455,735.474","13,455,735.474"
	NetIncome,"7,011,000,000","2,008,000,000","793,000,000","-403,000,000","4,613,000,000","-1,190,000,000","-1,139,000,000","2,381,000,000","1,060,000,000","350,000,000","1,229,117,787","326,872,069","82,447,981","645,315,988","23,917,442","-521,252,534","-1,578,684,091","75,727,862","2,415,136,281","142,778,422","-125,986,681","-224,424,706","216,924,554","134,888,180","115,351,753","261,479,401","372,987,716","56,909,621","153,471,473","192,552,026","30,838,976","-49,383,302","169,053,001","487,432,227","325,280,298","263,702,372","234,908,333","302,273,735","320,139,161","235,211,413","190,445,431","311,598,093","188,516,721","158,858,808","121,392,280","219,658,777.358","105,360,041.597","119,250,655.621","98,868,612.352","139,274,881.493","109,725,256.136","88,129,233.549","64,902,195.199","68,218,617.792","64,641,635.436","12,143,480.662","48,430,332.84","64,808,987.555","65,523,472.927","56,551,271.129","39,616,419.607","41,599,872.625","38,354,059.679","31,442,748.138","21,729,680.174","13,455,735.474","13,455,735.474","13,455,735.474","13,455,735.474"
		NetIncomeIncludingNoncontrollingInterests,"6,998,000,000","1,993,000,000","820,000,000","-402,000,000","4,587,000,000","-1,241,000,000","-1,105,000,000","2,398,000,000","1,044,000,000","316,000,000","1,264,208,413","352,446,245","74,616,659","590,449,725","42,435,508","-591,085,127","-1,678,030,961","49,748,224","2,434,223,931","98,529,195","-183,106,103","-297,121,305","188,486,662","111,895,423","88,361,565","236,776,465","352,536,887","59,139,325","128,974,954","162,835,652","31,137,870","-49,596,214","171,130,848","491,098,675","328,190,200","265,671,280","236,627,440","302,423,128","323,140,494","237,145,504","189,282,573","315,700,604","190,927,211","160,143,493","121,392,280","219,651,481.997","105,346,636.972","119,501,987.196","98,897,577.528","139,243,915.579","109,757,991.168","88,116,718.188","64,908,943.178","68,279,636.536","64,654,515.932","12,377,044.039","48,388,048.922","64,791,184.322","65,669,153.023","56,624,963.22","39,686,999.114","41,612,918.99","38,366,998.428","31,435,107.406","21,750,301.045","13,535,247.105","13,455,735.474","13,455,735.474","13,455,735.474"
			NetIncomeContinuousOperations,"6,998,000,000","1,993,000,000","820,000,000","-402,000,000","4,587,000,000","-1,241,000,000","-1,105,000,000","2,398,000,000","1,044,000,000","316,000,000","1,264,208,413","352,446,245","74,616,659","590,449,725","42,435,508","-591,085,127","-1,678,030,961","49,748,224","2,434,223,931","98,529,195","-183,106,103","-297,121,305","188,486,662","111,895,423","88,361,565","236,776,465","352,536,887","59,139,325","128,974,954","162,835,652","31,137,870","-49,596,214","171,130,848","491,098,675","328,190,200","265,671,280","236,627,440","302,423,128","323,140,494","237,145,504","189,282,573","315,700,604","190,927,211","160,143,493","121,392,280","219,889,068.358","105,360,041.597","119,250,655.621","98,868,612.352","139,274,881.493","109,725,256.136","88,129,233.549","64,902,195.199","68,218,617.792","64,641,635.436","12,143,480.662","48,430,332.84","64,808,987.555","65,523,472.927","56,551,271.129","39,616,419.607","41,599,872.625","38,354,059.679","31,442,748.138","21,729,680.174","13,455,735.474","13,455,735.474","13,455,735.474","13,455,735.474"
		MinorityInterests,"13,000,000","15,000,000","-27,000,000","-1,000,000","26,000,000","51,000,000","-34,000,000","-17,000,000","16,000,000","34,000,000","-35,090,626","-25,574,176","7,831,322","54,866,263","-18,518,066","69,832,593","99,346,870","25,979,638","-19,087,650","44,249,227","57,119,422","72,696,599","28,437,892","22,992,757","26,990,188","24,702,936","20,450,829","-2,229,704","24,496,519","29,716,374","-298,894","212,912","-2,077,847","-3,666,448","-2,909,902","-1,968,908","-1,719,107","-149,393","-3,001,333","-1,934,091","1,162,858","-4,102,511","-2,410,490","-1,284,685",,"7,295.36","13,404.625","-251,331.575","-28,965.177","30,965.914","-32,735.032","12,515.361","-6,747.979","-61,018.744","-12,880.496","-233,563.378","42,283.918","17,803.233","-145,680.096","-73,692.091","-70,579.507","-13,046.364","-12,938.748","7,640.732","-20,620.872",,,,
AverageDilutionEarnings,"373,000,000"
DilutedNIAvailtoComStockholders,"7,384,000,000","2,167,000,000","793,000,000","-403,000,000","4,613,000,000","-1,190,000,000","-1,139,000,000","2,381,000,000","1,060,000,000","350,000,000","1,229,117,787","326,872,069","82,447,981","645,315,988","23,917,442","-521,252,534","-1,578,684,091","75,727,862","2,415,136,281","142,778,422","-125,986,681","-224,424,706","216,924,554","134,888,180","115,351,753","261,479,401","372,987,716","56,909,621","153,471,473","192,552,026","30,838,976","-49,383,302","169,053,001","487,432,227","325,280,298","263,702,372","234,908,333","302,273,735","320,139,161","235,211,413","190,445,431","311,598,093","188,516,721","158,858,808","121,392,280","219,658,777.358","105,360,041.597","119,250,655.621","98,868,612.352","139,274,881.493","109,725,256.136","88,129,233.549","64,902,195.199","68,218,617.792","64,641,635.436","12,143,480.662","48,430,332.84","64,808,987.555","65,523,472.927","56,551,271.129","39,616,419.607","41,599,872.625","38,354,059.679","31,442,748.138","21,729,680.174","-37,083,868.621","13,455,735.474","13,455,735.474","13,455,735.474"
BasicEPS,,"3.379","1.399","-0.726","8.318","-2.165","-2.078","4.355","1.934","0.933","2.294","0.621","0.159","1.276","0.05",,"-3.488","0.211","8.521","0.501","-0.448","-0.801","0.794","0.496","0.424","0.973","1.418",,"0.591","0.745","0.116",,"0.589",,"1.128","0.916","0.819",,"1.118","0.823","0.691",,"0.699","0.591","0.453",,"0.391","0.448","0.368",,"0.412","0.342","0.251",,"0.247","0.045","0.19",,"0.258","0.228","0.155",,"0.155","0.129","0.088",,"0.01","0.01","0.01"
DilutedEPS,,"3.228","1.354","-0.726","7.449","-2.165","-2.078","3.886","1.811","0.884","2.095","0.59","0.151","1.183","0.048",,"-3.488","0.193","6.63","0.451","-0.448","-0.801","0.689","0.439","0.375","0.843","1.218",,"0.549","0.689","0.113",,"0.555",,"1.068","0.863","0.771",,"1.053","0.775","0.651",,"0.663","0.568","0.446",,"0.379","0.43","0.351",,"0.394","0.323","0.241",,"0.247","0.042","0.18",,"0.248","0.217","0.155",,"0.155","0.119","0.083",,"0.008","0.008","0.008"
BasicAverageShares,,"594,094,736","567,837,216","555,874,112","554,767,312","550,064,416","548,148,008","546,811,408","548,048,720","539,990,040","535,910,432","525,944,624","519,520,856","505,557,352","472,961,504",,"452,729,136","357,860,320","283,442,416","285,170,432","281,429,152","280,261,184","273,335,960","271,956,000","271,956,000","268,846,120","263,098,208",,"259,512,104","258,258,392","266,297,200",,"287,295,968",,"288,393,952","287,700,984","287,128,840",,"286,525,672","286,054,608","275,738,672",,"269,628,128","268,596,104","267,917,560",,"267,202,064","266,714,912","265,772,920",,"264,560,696","262,369,600","261,357,288",,"259,828,056","258,345,768","256,543,400",,"254,477,552","253,862,704","252,602,736",,"244,623,632","244,755,184","243,694,432",,"84,847,664","84,847,664","84,847,664"
DilutedAverageShares,,"643,408,064","601,626,816","555,874,112","633,744,432","550,064,416","548,148,008","643,395,352","606,845,640","590,762,600","629,040,880","554,893,440","547,868,304","556,669,864","507,282,184",,"452,729,136","394,963,144","375,034,992","319,525,000","281,429,152","280,261,184","319,245,656","315,970,960","315,970,960","314,322,928","309,962,784",,"288,120,864","285,752,632","274,270,712",,"304,426,488",,"304,823,840","305,901,616","304,481,712",,"304,040,696","303,338,280","292,489,376",,"284,818,984","279,784,824","271,656,856",,"275,579,584","277,188,128","276,169,216",,"273,577,568","271,103,400","269,938,848",,"266,934,608","266,160,680","262,524,784",,"262,180,016","260,574,416","259,253,424",,"255,379,248","257,967,920","257,281,552",,"114,844,368","114,844,368","114,844,368"
TotalOperatingIncomeAsReported,"5,040,000,000","580,000,000","2,242,000,000","1,333,000,000","885,000,000","-189,000,000","1,480,000,000","724,000,000","590,000,000","303,000,000","1,358,998,269","645,262,254","414,173,786","207,386,403","447,423,744","-395,913,002","-1,827,375,631","95,192,685","405,234,326","60,883,292","-180,267,358","-400,906,480","88,242,546","90,919,659","70,947,131","182,942,866","299,541,399","35,923,927","160,016,746","119,906,922","30,246,440","-8,506,316","176,556,188","493,323,156","304,292,261","268,378,753","262,741,672","292,283,722","308,021,649","257,378,183","196,441,733","324,490,639","199,197,549","163,678,034","135,238,905","226,637,288.755","107,513,804.673","127,228,194.847","110,339,088.872","-233,275,982.556","111,028,967.952","95,095,354.955","71,055,572.429","76,412,032.891","64,139,035.469","16,301,031.912","49,871,859.934","62,825,843.652","62,378,189.242","57,320,153.979","39,239,316.762","32,953,104.884","40,959,789.511","36,190,656.236","25,566,395.745",,,,
TotalExpenses,"30,626,000,000","7,755,000,000","8,234,000,000","7,358,000,000","7,279,000,000","7,749,000,000","7,875,000,000","6,595,000,000","6,141,000,000","5,870,000,000","6,540,677,788","5,770,506,947","5,670,888,103","4,859,895,432","5,124,442,898","4,807,197,783","6,005,382,187","2,778,862,433","2,776,366,129","2,466,252,954","2,495,043,600","2,314,205,254","2,041,327,997","1,631,341,271","1,510,840,991","1,257,463,227","1,241,434,213","48,423,642","1,000,491,388","981,448,344","156,394,749","71,322,973","734,252,203","1,197,032,953","670,408,550","564,648,955","501,781,338","494,842,809","504,183,054","437,802,207","390,280,140","641,800,259","346,231,586","312,608,891","265,338,515","507,835,885.516","265,685,883.452","247,611,535.831","230,215,961.609","602,287,490.564","211,779,218.312","192,601,521.24","161,088,408.01","153,486,278.009","143,839,961.2","17,693,361.316","106,230,307.062","97,201,478.278","78,135,980.312","71,716,452.855","57,702,248.548","65,503,154.923","49,533,982.711","44,321,438.61","38,791,725.47",,,,
NetIncomeFromContinuingAndDiscontinuedOperation,"7,011,000,000","2,008,000,000","793,000,000","-403,000,000","4,613,000,000","-1,190,000,000","-1,139,000,000","2,381,000,000","1,060,000,000","350,000,000","1,229,117,787","326,872,069","82,447,981","645,315,988","23,917,442","-521,252,534","-1,578,684,091","75,727,862","2,415,136,281","142,778,422","-125,986,681","-224,424,706","216,924,554","134,888,180","115,351,753","261,479,401","372,987,716","56,909,621","153,471,473","192,552,026","30,838,976","-49,383,302","169,053,001","487,432,227","325,280,298","263,702,372","234,908,333","302,273,735","320,139,161","235,211,413","190,445,431","311,598,093","188,516,721","158,858,808","121,392,280","219,658,777.358","105,360,041.597","119,250,655.621","98,868,612.352","139,274,881.493","109,725,256.136","88,129,233.549","64,902,195.199","68,218,617.792","64,641,635.436","12,143,480.662","48,430,332.84","64,808,987.555","65,523,472.927","56,551,271.129","39,616,419.607","41,599,872.625","38,354,059.679","31,442,748.138","21,729,680.174","13,455,735.474","13,455,735.474","13,455,735.474","13,455,735.474"
NormalizedIncome,"4,687,920,000","2,008,000,000","793,000,000","-403,000,000","4,613,000,000","-1,190,000,000","-1,139,000,000","2,381,000,000","1,060,000,000","350,000,000","1,229,117,787","326,872,069","82,447,981","645,315,988","23,917,442","-521,252,534","-1,578,684,091","75,727,862","2,415,136,281","142,778,422","-109,137,430","-224,424,706","216,924,554","134,888,180","115,351,753","261,479,401","372,987,716","56,909,621","153,471,473","192,552,026","30,098,095.267","-49,383,302","162,253,856.243","451,912,653.544","282,371,339.761","248,901,701.559","224,740,356.552","271,402,192.786","283,408,733.604","222,196,219.897","189,933,538.871","279,353,351.248","186,232,989.289","143,846,862.661","113,541,878.307","203,682,847.745","95,800,006.528","101,012,080.2","85,222,097.637","126,844,227.443","98,193,349.715","83,321,578.384","62,518,564.967","68,412,179.491","57,737,949.485","13,958,367.302","46,096,552.432","59,317,225.644","56,554,936.475","53,581,315.282","36,793,982.179","40,887,481.526","35,752,793.127","31,115,134.324","21,895,959.81","13,455,735.474","13,455,735.474","13,455,735.474","13,455,735.474"
InterestIncome,"2,094,000,000","536,000,000","509,000,000","562,000,000","487,000,000","574,000,000","521,000,000","324,000,000","480,000,000","336,000,000","271,592,321","249,426,782","130,280,136","126,421,150","99,167,513","150,858,298","190,697,649","124,921,975","121,846,900","136,364,251","62,633,910","57,159,146","71,980,305","83,277,622","92,166,471","70,556,062","52,612,266","20,502,916","22,559,420","34,061,163","8,608,052","-13,907,789","45,773,353","51,723,832","31,233,511","23,045,312","19,013,573","13,526,761","9,767,903","8,954,150","5,337,051","8,050,993","4,340,502","5,000,977","3,363,165",,,,,,,,,,,,,,,,,,,,,,,,
InterestExpense,"1,677,000,000","387,000,000","423,000,000","426,000,000","441,000,000","422,000,000","393,000,000","371,000,000","322,000,000","324,000,000","318,779,226","383,446,788","260,257,970","219,680,448","191,169,801","162,964,862","158,107,727","95,168,377","95,338,026","58,841,079","53,078,347","50,487,030","45,175,681","33,693,033","32,998,931","45,765,307",,,,,,,,,,,,,,,,,,,,,,,,,,,,,,,,,,,,,,,,,,,
NetInterestIncome,"417,000,000","149,000,000","86,000,000","136,000,000","46,000,000","152,000,000","128,000,000","-47,000,000","158,000,000","12,000,000","-47,186,905","-134,020,006","-129,977,834","-93,259,298","-92,002,288","-62,730,628","32,589,922","29,753,598","26,508,874","77,523,172","-2,973,397","6,672,116","26,804,624","49,584,589","59,167,540","24,790,755","52,612,266","20,502,916","22,559,420","34,061,163","8,608,052","-13,907,789","45,773,353","51,723,832","31,233,511","23,045,312","19,013,573","13,526,761","9,767,903","8,954,150","5,337,051","8,050,993","4,340,502","5,000,977","3,363,165",,,,,,,,,,,,,,,,,,,,,,,,
EBIT,"10,764,000,000","2,891,000,000","1,402,000,000","483,000,000","5,988,000,000","-718,000,000","-624,000,000","3,304,000,000","1,467,000,000","976,000,000","1,864,035,526","1,291,791,715","456,052,848","47,092,006","518,685,684","-275,477,739","-1,318,482,114","310,968,809","2,920,778,538","209,172,386","-133,129,922","-298,247,182","267,761,830","179,462,837","148,815,350","317,066,979","299,541,399","35,923,927","160,016,746","119,906,922","30,246,440","-8,506,316","176,556,188","493,323,156","304,292,261","268,378,753","262,741,672","292,283,722","308,021,649","257,378,183","196,441,733","459,045,657","199,197,549","163,678,034","135,238,905","279,048,885.551","134,645,750.78","154,055,170.305","136,517,191.475","-205,455,742.363","134,199,411.288","116,231,108.045","88,015,514.074","92,617,836.094","78,544,026.561","16,301,023.916","61,111,024.75","38,582,006.944","72,165,273.123","65,740,241.139","45,608,566.763","18,931,499.911","46,663,517.643","40,872,140.459","29,202,788.364","-71,797,255.878","43,294,219.533","43,294,219.533","43,294,219.533"
EBITDA,"12,214,000,000"
ReconciledCostOfRevenue,"7,372,000,000","1,728,000,000","2,157,000,000","1,798,000,000","1,689,000,000","1,620,000,000","1,991,000,000","1,469,000,000","1,244,000,000","1,061,000,000","1,303,483,658","1,124,094,146","1,189,306,790","1,126,360,012","1,234,297,161","1,233,148,536","1,135,944,483","763,236,345","845,578,129","730,019,031","704,606,314","583,612,903","588,980,230","478,601,393","449,411,887","394,362,609","379,121,709","4,939,375","304,171,687","284,704,746","45,500,369","15,212,147","225,956,740","389,239,942","226,126,062","189,763,780","164,706,899","169,529,242","176,199,743","151,154,849","128,377,508","218,188,606","124,352,706","108,061,461","89,970,448","159,970,967.633","87,118,955.818","79,628,447.404","68,010,172.006","69,043,968.609","64,038,995.144","57,159,364.475","48,544,684.416","46,527,595.01","43,603,062.393","7,394,457.263","28,178,188.923","30,715,181.483","24,006,352.985","19,720,026.811","15,002,847.205","15,460,902.079","12,268,872.274","11,024,972.62","9,720,559.69",,,,
ReconciledDepreciation,"1,450,000,000",,,,,,,,,,,,,,,,,,,"78,199,105","62,798,496",,,,"35,926,079",,,,,,,,,,,,,,,,,,,,,,,,,,,,,,,,,,"123,208.64","123,253.375","123,253.375","1,163,022.128","246,490.194","123,245.097","123,245.097",,,,
NetIncomeFromContinuingOperationNetMinorityInterest,"7,011,000,000","2,008,000,000","793,000,000","-403,000,000","4,613,000,000","-1,190,000,000","-1,139,000,000","2,381,000,000","1,060,000,000","350,000,000","1,229,117,787","326,872,069","82,447,981","645,315,988","23,917,442","-521,252,534","-1,578,684,091","75,727,862","2,415,136,281","142,778,422","-125,986,681","-224,424,706","216,924,554","134,888,180","115,351,753","261,479,401","372,987,716","56,909,621","153,471,473","192,552,026","30,838,976","-49,383,302","169,053,001","487,432,227","325,280,298","263,702,372","234,908,333","302,273,735","320,139,161","235,211,413","190,445,431","311,598,093","188,516,721","158,858,808","121,392,280","219,658,777.358","105,360,041.597","119,250,655.621","98,868,612.352","139,274,881.493","109,725,256.136","88,129,233.549","64,902,195.199","68,218,617.792","64,641,635.436","12,143,480.662","48,430,332.84","64,808,987.555","65,523,472.927","56,551,271.129","39,616,419.607","41,599,872.625","38,354,059.679","31,442,748.138","21,729,680.174","13,455,735.474","13,455,735.474","13,455,735.474","13,455,735.474"
TotalUnusualItemsExcludingGoodwill,"2,868,000,000",,,,,,,,,,,,,,,,,,,,"-22,465,668",,,,,,,,,,"971,386",,"9,437,752","45,756,402","54,347,195","17,520,128","12,924,512","38,217,360","44,345,553","15,980,806","581,797","39,899,798","2,625,101","18,276,381","9,583,089","18,856,750.805","11,536,829.172","24,584,330.283","18,856,589.591","13,428,337.368","13,583,524.088","5,665,345.04","2,833,317.418","-225,101.386","8,109,776.857","-2,118,109.29","2,744,139.647","6,186,908.389","10,344,630.084","3,346,160.68","3,208,122.529","1,187,318.498","3,089,554.587","392,607.82","-199,503.415",,,,
TotalUnusualItems,"2,868,000,000",,,,,,,,,,,,,,,,,,,,"-22,465,668",,,,,,,,,,"971,386",,"9,437,752","45,756,402","54,347,195","17,520,128","12,924,512","38,217,360","44,345,553","15,980,806","581,797","39,899,798","2,625,101","18,276,381","9,583,089","18,856,750.805","11,536,829.172","24,584,330.283","18,856,589.591","13,428,337.368","13,583,524.088","5,665,345.04","2,833,317.418","-225,101.386","8,109,776.857","-2,118,109.29","2,744,139.647","6,186,908.389","10,344,630.084","3,346,160.68","3,208,122.529","1,187,318.498","3,089,554.587","392,607.82","-199,503.415",,,,
NormalizedEBITDA,"9,346,000,000","2,891,000,000","1,402,000,000","483,000,000","5,988,000,000","-718,000,000","-624,000,000","3,304,000,000","1,467,000,000","976,000,000","1,864,035,526","1,291,791,715","456,052,848","47,092,006","518,685,684","-275,477,739","-1,318,482,114","310,968,809","2,920,778,538","287,371,491","-47,865,758","-298,247,182","267,761,830","179,462,837","184,741,429","317,066,979","299,541,399","35,923,927","160,016,746","119,906,922","29,275,054","-8,506,316","167,118,436","447,566,754","249,945,066","250,858,625","249,817,160","254,066,362","263,676,096","241,397,377","195,859,936","419,145,859","196,572,448","145,401,653","125,655,816","260,192,134.747","123,108,921.608","129,470,840.022","117,660,601.884","-218,884,079.732","120,615,887.2","110,565,763.005","85,182,196.656","92,842,937.48","70,434,249.705","18,419,133.207","58,366,885.103","32,395,098.555","61,943,851.678","62,517,333.834","42,523,697.609","18,907,203.54","43,820,453.25","40,602,777.736","29,525,536.876","-71,797,255.878","43,294,219.533","43,294,219.533","43,294,219.533"
TaxRateForCalcs,"0.19","0.145","0.373","0.25","0.122","0.25","0.25","0.11","0.156","0.365","0.203","0.25","0.25","0.25","0.25","0.25","0.25","0.331","0.128","0.208","0.25","0.038","0.23","0.32","0.4","0.26","0.22","0.27","0.32","0.253","0.237","0.25","0.28","0.224","0.21","0.155","0.213","0.192","0.172","0.186","0.12","0.192","0.13","0.179","0.181","0.153","0.171","0.258","0.276","0.074","0.151","0.151","0.159","0.14","0.149","0.143","0.15","0.112","0.133","0.112","0.12","0.4","0.158","0.166","0.167","0.4","0.4","0.4","0.4"
TaxEffectOfUnusualItems,"544,920,000","0","0","0","0","0","0","0","0","0","0","0","0","0","0","0","0","0","0","0","-5,616,417","0","0","0","0","0","0","0","0","0","230,505.267","0","2,638,607.243","10,236,828.544","11,438,236.761","2,719,457.559","2,756,535.552","7,345,817.786","7,615,125.604","2,965,612.897","69,904.871","7,655,056.248","341,369.289","3,264,435.661","1,732,687.307","2,880,821.192","1,976,794.103","6,345,754.861","5,210,074.877","997,683.318","2,051,617.667","857,689.875","449,687.185","-31,539.688","1,206,090.906","-303,222.65","410,359.238","695,146.478","1,376,093.633","376,204.834","385,685.101","474,927.399","488,288.035","64,994.006","-33,223.778","0","0","0","0"