name,ttm,01/31/2020,10/31/2019,07/31/2019,04/30/2019,01/31/2019,10/31/2018,07/31/2018,04/30/2018,01/31/2018,10/31/2017,07/31/2017,04/30/2017,01/31/2017,10/31/2016,07/31/2016,04/30/2016,01/31/2016,10/31/2015,07/31/2015,04/30/2015,01/31/2015,10/31/2014,07/31/2014,04/30/2014,01/31/2014,10/31/2013,07/31/2013,04/30/2013,01/31/2013,10/31/2012,07/31/2012,04/30/2012,01/31/2012,10/31/2011,07/31/2011,04/30/2011,01/31/2011,10/31/2010,07/31/2010,04/30/2010,01/31/2010,10/31/2009,07/31/2009,04/30/2009,01/31/2009,10/31/2008,07/31/2008,04/30/2008,01/31/2008,10/31/2007,07/31/2007,04/30/2007,01/31/2007,10/31/2006,07/31/2006,04/30/2006,01/31/2006,10/31/2005,07/31/2005,04/30/2005,01/31/2005,10/31/2004,07/31/2004,04/30/2004,01/31/2004,10/31/2003,07/31/2003,04/30/2003,01/31/2003,10/31/2002,07/31/2002,04/30/2002,01/31/2002,10/31/2001,07/31/2001,04/30/2001,01/31/2001,10/31/2000,07/31/2000,04/30/2000,01/31/2000,10/31/1999,07/31/1999,04/30/1999,01/31/1999,10/31/1998,07/31/1998,04/30/1998,01/31/1998,10/31/1997,07/31/1997,04/30/1997,01/31/1997,10/31/1996,07/31/1996,04/30/1996,01/31/1996,10/31/1995,07/31/1995,04/30/1995,01/31/1995,10/31/1994,07/31/1994,04/30/1994,01/31/1994,10/31/1993,07/31/1993,04/30/1993,01/31/1993,10/31/1992,07/31/1992,04/30/1992,01/31/1992,10/31/1991,07/31/1991,04/30/1991,01/31/1991,10/31/1990,07/31/1990,04/30/1990,01/31/1990,10/31/1989,07/31/1989,04/30/1989,01/31/1989,10/31/1988,07/31/1988,04/30/1988,01/31/1988,10/31/1987,07/31/1987,04/30/1987,01/31/1987,10/31/1986,07/31/1986,04/30/1986,01/31/1986,10/31/1985
TotalRevenue,"36,998,421,000","10,380,809,000","9,118,944,000","9,092,244,000","8,406,424,000","10,464,501,000","9,340,029,000","8,886,101,000","8,548,319,000","11,092,529,000","9,135,728,000","8,882,691,000","7,664,063,000","7,427,510,000","6,490,265,000","6,353,739,000","5,963,362,000","7,483,621,000","6,428,540,000","6,580,393,000","5,887,229,000","7,339,491,000","6,761,181,000","6,841,809,000","6,728,151,000","7,973,107,000","6,373,564,000","6,327,476,000","6,147,757,000","7,460,712,000","6,040,556,000","5,961,500,000","5,895,561,000","7,112,552,000","6,593,983,000","6,449,461,000","6,332,128,000","7,117,195,000","6,163,762,000","5,473,961,000","5,621,055,000","6,283,140,000","5,642,046,000","5,183,731,000","4,990,959,000","5,712,537,000","6,136,112,000","6,166,021,000","6,065,814,000","6,483,879,000","5,923,814,000","5,613,308,000","5,402,077,000","6,121,691,000","5,431,347,000","4,943,281,000","4,944,126,000","5,486,775,000","5,087,654,000","4,828,588,000","5,079,834,000","5,618,116,000","4,771,090,000","4,578,835,000","4,822,292,000","4,918,729,000","4,395,003,000","4,178,751,000","3,913,857,000","4,011,087,000","3,810,719,000","3,996,719,000","3,920,420,000","4,164,984,000","4,215,951,000","4,136,584,000","4,679,992,000","5,317,004,000","5,189,186,000","4,996,973,000","4,924,516,000","4,779,550,000","4,310,100,000","4,025,000,000","3,877,200,000","3,853,000,000","3,278,400,000","2,213,300,000","2,184,400,000","2,113,200,000","2,021,500,000","1,551,800,000","1,370,100,000","1,313,400,000","1,236,700,000","1,063,200,000","985,600,000","901,000,000","843,300,000","708,800,000","633,500,000","659,900,000","658,300,000","569,700,000","530,500,000","444,100,000","403,900,000","352,000,000","332,300,000","283,900,000","265,400,000","227,800,000","201,800,000","200,300,000","175,900,000","144,400,000","126,400,000","122,100,000","115,700,000","102,700,000","101,300,000","100,800,000","91,800,000","78,600,000","76,800,000","71,400,000","62,400,000","54,700,000","58,100,000","47,600,000","37,200,000","31,100,000","33,300,000","24,100,000","21,200,000","13,900,000","12,300,000","11,400,000","10,200,000"
	OperatingRevenue,"36,998,421,000","10,380,809,000","9,118,944,000","9,092,244,000","8,406,424,000","10,464,501,000","9,340,029,000","8,886,101,000","8,548,319,000","11,092,529,000","9,135,728,000","8,882,691,000","7,664,063,000","7,427,510,000","6,490,265,000","6,353,739,000","5,963,362,000","7,483,621,000","6,428,540,000","6,580,393,000","5,887,229,000","7,339,491,000","6,761,181,000","6,841,809,000","6,728,151,000","7,973,107,000","6,373,564,000","6,327,476,000","6,147,757,000","7,460,712,000","6,040,556,000","5,961,500,000","5,895,561,000","7,112,552,000","6,593,983,000","6,449,461,000","6,332,128,000","7,117,195,000","6,163,762,000","5,473,961,000","5,621,055,000","6,283,140,000","5,642,046,000","5,183,731,000","4,990,959,000","5,712,537,000","6,136,112,000","6,166,021,000","6,065,814,000","6,483,879,000","5,923,814,000","5,613,308,000","5,402,077,000","6,121,691,000","5,431,347,000","4,943,281,000","4,944,126,000","5,486,775,000","5,087,654,000","4,828,588,000","5,079,834,000","5,618,116,000","4,771,090,000","4,578,835,000","4,822,292,000","4,918,729,000","4,395,003,000","4,178,751,000","3,913,857,000","4,011,087,000","3,810,719,000","3,996,719,000","3,920,420,000","4,164,984,000","4,215,951,000","4,136,584,000","4,679,992,000","5,317,004,000","5,189,186,000","4,996,973,000","4,924,516,000","4,779,550,000","4,310,100,000","4,025,000,000","3,877,200,000","3,853,000,000","3,278,400,000","2,213,300,000","2,184,400,000","2,113,200,000","2,021,500,000","1,551,800,000","1,370,100,000","1,313,400,000","1,236,700,000","1,063,200,000","985,600,000","901,000,000","843,300,000","708,800,000","633,500,000","659,900,000","658,300,000","569,700,000","530,500,000","444,100,000","403,900,000","352,000,000","332,300,000","283,900,000","265,400,000","227,800,000","201,800,000","200,300,000","175,900,000","144,400,000","126,400,000","122,100,000","115,700,000","102,700,000","101,300,000","100,800,000","91,800,000","78,600,000","76,800,000","71,400,000","62,400,000","54,700,000","58,100,000","47,600,000","37,200,000","31,100,000","33,300,000","24,100,000","21,200,000","13,900,000","12,300,000","11,400,000","10,200,000"
CostOfRevenue,"34,700,774,000","9,714,578,000","8,558,557,000","8,530,594,000","7,897,045,000","9,815,353,000","8,783,425,000","8,359,071,000","8,025,202,000","10,475,668,000","8,609,647,000","8,367,100,000","7,206,975,000","7,056,483,000","6,174,426,000","6,037,289,000","5,664,751,000","7,128,972,000","6,113,696,000","6,255,114,000","5,595,340,000","6,967,222,000","6,426,196,000","6,490,437,000","6,392,823,000","7,575,091,000","6,047,488,000","6,011,636,000","5,825,343,000","7,087,380,000","5,732,295,000","5,660,256,000","5,575,344,000","6,737,608,000","6,249,236,000","6,108,623,000","5,998,666,000","6,738,449,000","5,839,560,000","5,186,424,000","5,328,252,000","5,955,218,000","5,345,472,000","4,914,847,000","4,727,625,000","5,391,298,000","5,838,138,000","5,866,905,000","5,771,147,000","6,162,776,000","5,640,068,000","5,338,997,000","5,146,829,000","5,825,229,000","5,183,787,000","4,717,671,000","4,706,987,000","5,255,393,000","4,825,626,000","4,576,598,000","4,802,715,000","5,312,487,000","4,507,504,000","4,311,210,000","4,547,100,000","4,626,747,000","4,149,917,000","3,941,333,000","3,706,697,000","3,805,782,000","3,603,831,000","3,786,046,000","3,711,528,000","3,940,524,000","3,987,736,000","3,912,422,000","4,428,799,000","5,007,521,000","4,892,899,000","4,716,324,000","4,650,950,000","4,509,844,000","4,063,800,000","3,802,500,000","3,638,100,000","3,608,600,000","3,052,700,000","2,060,500,000","2,036,700,000","1,968,300,000","1,884,500,000","1,442,300,000","1,269,400,000","1,215,500,000","1,145,700,000","984,100,000","911,900,000","831,700,000","780,100,000","654,700,000","583,200,000","604,500,000","602,400,000","520,000,000","483,600,000","404,100,000","367,200,000","319,400,000","301,700,000","256,900,000","239,600,000","204,800,000","180,800,000","178,900,000","157,500,000","128,400,000","112,000,000","107,600,000","101,900,000","90,300,000","88,300,000","92,500,000","79,800,000","66,700,000","66,200,000",,,,,,,,,,,,,,
GrossProfit,"2,297,647,000","666,231,000","560,387,000","561,650,000","509,379,000","649,148,000","556,604,000","527,030,000","523,117,000","616,861,000","526,081,000","515,591,000","457,088,000","371,027,000","315,839,000","316,450,000","298,611,000","354,649,000","314,844,000","325,279,000","291,889,000","372,269,000","334,985,000","351,372,000","335,328,000","398,016,000","326,076,000","315,840,000","322,414,000","373,332,000","308,261,000","301,244,000","320,217,000","374,944,000","344,747,000","340,838,000","333,462,000","378,746,000","324,202,000","287,537,000","292,803,000","327,922,000","296,574,000","268,884,000","263,334,000","321,239,000","297,974,000","299,116,000","294,667,000","321,103,000","283,746,000","274,311,000","255,248,000","296,462,000","247,560,000","225,610,000","237,139,000","231,382,000","262,028,000","251,990,000","277,119,000","305,629,000","263,586,000","267,625,000","275,192,000","291,982,000","245,086,000","237,418,000","207,160,000","205,305,000","206,888,000","210,673,000","208,892,000","224,460,000","228,215,000","224,162,000","251,193,000","309,483,000","296,287,000","280,649,000","273,566,000","269,706,000","246,300,000","222,500,000","239,100,000","244,400,000","225,700,000","152,800,000","147,700,000","144,900,000","137,000,000","109,500,000","100,700,000","97,900,000","91,000,000","79,100,000","73,700,000","69,300,000","63,200,000","54,100,000","50,300,000","55,400,000","55,900,000","49,700,000","46,900,000","40,000,000","36,700,000","32,600,000","30,600,000","27,000,000","25,800,000","23,000,000","21,000,000","21,400,000","18,400,000","16,000,000","14,400,000","14,500,000","13,800,000","12,400,000","13,000,000","8,300,000","12,000,000","11,900,000","10,600,000",,,,,,,,,,,,,,
OperatingExpense,"1,691,311,000","438,559,000","415,242,000","431,694,000","405,816,000","414,540,000","396,675,000","415,319,000","422,361,000","430,617,000","416,766,000","410,598,000","352,632,000","253,941,000","239,952,000","244,812,000","246,496,000","244,793,000","249,658,000","240,417,000","248,099,000","269,255,000","273,299,000","283,662,000","303,832,000","288,044,000","270,131,000","285,981,000","286,383,000","319,307,000","238,715,000","241,988,000","239,324,000","262,819,000","255,178,000","262,063,000","257,779,000","260,977,000","243,230,000","221,779,000","223,317,000","233,731,000","230,542,000","215,200,000","213,405,000","222,691,000","238,881,000","256,964,000","252,301,000","247,319,000","224,243,000","231,004,000","225,989,000","230,926,000","209,344,000","345,302,000","201,618,000","173,083,000","213,160,000","218,863,000","223,172,000","230,354,000","206,911,000","217,739,000","221,514,000","233,602,000","203,481,000","207,090,000","171,857,000","479,544,000","152,863,000","155,248,000","153,945,000","162,399,000","175,874,000","186,779,000","179,862,000","205,265,000","197,575,000","196,204,000","198,185,000","195,334,000","177,900,000","160,300,000","172,000,000","173,300,000","156,500,000","102,600,000","102,700,000","94,900,000","90,900,000","68,700,000","65,100,000","62,700,000","59,000,000","54,100,000","51,000,000","49,000,000","46,700,000","43,500,000","42,100,000","41,100,000","35,200,000","31,100,000","29,200,000","23,900,000","21,900,000","20,200,000","18,900,000","16,600,000","15,600,000","14,700,000","13,900,000","14,000,000","12,200,000","10,800,000","10,100,000","9,600,000","9,400,000","9,200,000","9,700,000","10,300,000","8,700,000","7,900,000","7,000,000",,,,,,,,,,,,,,
	SellingGeneralAndAdministration,"1,691,311,000","438,559,000","415,242,000","431,694,000","405,816,000","414,540,000","396,675,000","415,319,000","422,361,000","428,965,000","416,766,000","410,598,000","352,632,000","253,941,000","239,952,000","243,763,000","246,496,000","244,026,000","249,658,000","249,980,000","248,099,000","269,255,000","273,299,000","289,891,000","303,832,000","288,044,000","270,131,000","285,981,000","286,383,000","289,845,000","238,715,000","241,988,000","239,324,000","262,819,000","255,178,000","262,063,000","257,779,000","260,977,000","243,230,000","221,779,000","223,317,000","233,731,000","230,542,000","215,200,000","213,405,000","222,691,000","238,881,000","256,964,000","252,301,000","247,319,000","224,243,000","226,720,000","217,152,000","230,926,000","209,344,000","209,209,000","201,618,000","173,083,000","213,160,000","218,863,000","223,172,000","230,354,000","206,911,000","217,739,000","221,514,000","230,537,000","203,481,000","207,090,000","171,857,000","150,672,000","152,863,000","155,248,000","153,945,000","162,399,000","168,874,000","166,779,000","179,862,000","188,076,000","181,965,000","180,788,000","182,478,000","180,192,000","163,000,000","160,300,000","158,200,000","159,200,000","143,900,000","94,600,000","94,800,000","87,200,000","83,300,000","63,200,000","59,500,000","57,200,000","54,000,000","49,300,000","46,300,000","44,100,000","42,200,000","39,500,000","38,100,000","38,200,000","33,100,000","29,200,000","27,500,000","22,200,000","20,600,000","18,900,000","17,700,000","15,700,000","14,800,000","13,900,000","13,200,000","13,100,000","11,500,000","10,100,000","9,400,000","9,000,000","8,700,000","8,500,000","8,800,000","9,600,000","8,200,000","7,400,000","6,600,000",,,,,,,,,,,,,,
		GeneralAndAdministrativeExpense,,,,,,,,,,,,,,"253,941,000",,,,"244,026,000","249,658,000","249,980,000","248,099,000","269,255,000","273,299,000","289,891,000","303,832,000",,,"285,981,000","286,383,000",,,,,,,,,,,,,,,,,,,,,,,,,,,,,,,,,,,,,,,,,,,,,,,,,,,,,,,,,,,,,,,,,,,,,,,,,,,,,,,,,,,,,,,,,,,,,,,,,,,,,,,,,,,,,,
			OtherGandA,,,,,,,,,,,,,,"253,941,000",,,,"244,026,000","249,658,000","249,980,000","248,099,000","269,255,000","273,299,000","289,891,000","303,832,000",,,"285,981,000","286,383,000",,,,,,,,,,,,,,,,,,,,,,,,,,,,,,,,,,,,,,,,,,,,,,,,,,,,,,,,,,,,,,,,,,,,,,,,,,,,,,,,,,,,,,,,,,,,,,,,,,,,,,,,,,,,,,
	DepreciationAmortizationDepletionIncomeStatement,,,,,,,,,,,,,,,,,,,,,,,,,,,,,,,,,,,,,,,,,,,,,,,,,,,,,,,,,,,,,,,,,,,,,,,,,,,,,,"17,189,000","15,610,000","15,416,000","15,707,000","15,142,000","14,900,000",,"13,800,000","14,100,000","12,600,000","8,000,000","7,900,000","7,700,000","7,600,000","5,500,000","5,600,000","5,500,000","5,000,000","4,800,000","4,700,000","4,900,000","4,500,000","4,000,000","4,000,000","2,900,000","2,100,000","1,900,000","1,700,000","1,700,000","1,300,000","1,300,000","1,200,000","900,000","800,000","800,000","700,000","900,000","700,000","700,000","700,000","600,000","700,000","700,000","900,000","700,000","500,000","500,000","400,000",,,,,,,,,,,,,,
		DepreciationAndAmortizationInIncomeStatement,,,,,,,,,,,,,,,,,,,,,,,,,,,,,,,,,,,,,,,,,,,,,,,,,,,,,,,,,,,,,,,,,,,,,,,,,,,,,,"17,189,000","15,610,000","15,416,000","15,707,000","15,142,000","14,900,000",,"13,800,000","14,100,000","12,600,000","8,000,000","7,900,000","7,700,000","7,600,000","5,500,000","5,600,000","5,500,000","5,000,000","4,800,000","4,700,000","4,900,000","4,500,000","4,000,000","4,000,000","2,900,000","2,100,000","1,900,000","1,700,000","1,700,000","1,300,000","1,300,000","1,200,000","900,000","800,000","800,000","700,000","900,000","700,000","700,000","700,000","600,000","700,000","700,000","900,000","700,000","500,000","500,000","400,000",,,,,,,,,,,,,,
	OtherTaxes,,,,,,,,,,"1,652,000","0","0",,"0",,"1,049,000",,"767,000","0","-9,563,000",,"0","0","-6,229,000",,,,,,,,,,,,,,,,,,,,,,,,,,,,,,,,,,,,,,,,,,,,,,,,,,,,,,,,,,,,,,,,,,,,,,,,,,,,,,,,,,,,,,,,,,,,,,,,,,,,,,,,,,,,,,,,,,,
	OtherOperatingExpenses,,,,,,,,,,,,,,,,,,,,,,,,,,,,,,,,,,,,,,,,,,,,,,,,,,,,"4,284,000","8,837,000","0",,"136,093,000",,,,,,,,,,,,,,,,,,"0","7,000,000","20,000,000",,,,,,,,,,,,,,,,,,,,,,,,,,,,,,,,,,,,,,,,,,,,,,,,,,,,,,,,,,,,,,,
OperatingIncome,"606,336,000","227,672,000","145,145,000","129,956,000","103,563,000","234,608,000","159,929,000","111,711,000","100,756,000","186,244,000","109,315,000","104,993,000","104,456,000","117,086,000","75,887,000","71,638,000","52,115,000","109,856,000","65,186,000","84,862,000","43,790,000","103,014,000","61,686,000","67,710,000","31,496,000","109,972,000","55,945,000","29,859,000","36,031,000","54,025,000","69,546,000","59,256,000","80,893,000","112,125,000","89,569,000","78,775,000","75,683,000","117,769,000","80,972,000","65,758,000","69,486,000","94,191,000","66,032,000","53,684,000","49,929,000","98,548,000","59,093,000","42,152,000","42,366,000","73,784,000","59,503,000","43,307,000","29,259,000","65,536,000","38,216,000","-119,692,000","35,521,000","58,299,000","48,868,000","33,127,000","53,947,000","75,275,000","56,675,000","49,886,000","53,678,000","58,380,000","41,605,000","30,328,000","35,303,000","-274,239,000","54,025,000","55,425,000","54,947,000","62,061,000","52,341,000","37,383,000","71,331,000","104,218,000","98,712,000","84,445,000","75,381,000","74,372,000","68,400,000","62,200,000","67,100,000","71,100,000","69,200,000","50,200,000","45,000,000","50,000,000","46,100,000","40,800,000","35,600,000","35,200,000","32,000,000","25,000,000","22,700,000","20,300,000","16,500,000","10,600,000","8,200,000","14,300,000","20,700,000","18,600,000","17,700,000","16,100,000","14,800,000","12,400,000","11,700,000","10,400,000","10,200,000","8,300,000","7,100,000","7,400,000","6,200,000","5,200,000","4,300,000","4,900,000","4,400,000","3,200,000","3,300,000","-2,000,000","3,300,000","4,000,000","3,600,000","-161,300,000","62,400,000","54,700,000","58,100,000","-93,500,000","37,200,000","31,100,000","33,300,000","-43,200,000","21,200,000","13,900,000","12,300,000","-24,100,000","10,200,000"
NetNonOperatingInterestIncomeExpense,"-86,005,000","-17,729,000","-21,033,000","-20,986,000","-26,257,000","-27,345,000","-25,405,000","-28,053,000","-25,922,000","-27,002,000","-25,925,000","-28,272,000","-31,008,000","-15,446,000","-9,475,000","-6,288,000","-5,601,000","-6,467,000","-5,619,000","3,320,000","-5,722,000","-5,909,000","-6,491,000","-7,388,000","-6,760,000","-7,155,000","-6,134,000","-6,219,000","-7,098,000","-19,276,000","-4,359,000","-3,422,000","-3,069,000","-6,235,000","-8,378,000","-8,089,000","-8,641,000","-8,270,000","-7,739,000","-7,329,000","-6,588,000","-5,370,000","-5,813,000","-6,723,000","-6,449,000",,,,,,,,,,,,,,,,,,,,,,,,,,,,,,,,,,,,,,,,,,,,,,,,,,,,,,,,,,,,,,,,,,,,,,,,,,,,,,,,,,,,,,,,,,,,,,
	InterestIncomeNonOperating,,,,,,,,,,,,,,,,"-6,288,000",,,,"3,320,000",,,,,,,,,,,,,,,,,,,,,,"571,000","860,000","412,000","1,441,000",,,,,,,,,,,,,,,,,,,,,,,,,,,,,,,,,,,,,,,,,,,,,,,,,,,,,,,,,,,,,,,,,,,,,,,,,,,,,,,,,,,,,,,,,,,,,,
	InterestExpenseNonOperating,"86,005,000","17,729,000","21,033,000","20,986,000","26,257,000","27,345,000","25,405,000","28,053,000","25,922,000","27,002,000","25,925,000","28,272,000","31,008,000","15,446,000","9,475,000","6,288,000","5,601,000","6,467,000","5,619,000","3,320,000","5,722,000","5,909,000","6,491,000","7,388,000","6,760,000","7,155,000","6,134,000","6,219,000","7,098,000","19,276,000","4,359,000","3,422,000","3,069,000","6,235,000","8,378,000","8,089,000","8,641,000","8,270,000","7,739,000","7,329,000","6,588,000","5,941,000","6,673,000","7,135,000","7,890,000",,,,,,,,,,,,,,,,,,,,,,,,,,,,,,,,,,,,,,,,,,,,,,,,,,,,,,,,,,,,,,,,,,,,,,,,,,,,,,,,,,,,,,,,,,,,,,
	TotalOtherFinanceCost,,,,,,,,,,,,,,,,,,,,,,,,,,,,,,,,,,,,,,,,,,,"-5,813,000",,,,,,,,,,,,,,,,,,,,,,,,,,,,,,,,,,,,,,,,,,,,,,,,,,,,,,,,,,,,,,,,,,,,,,,,,,,,,,,,,,,,,,,,,,,,,,,,
OtherIncomeExpense,"-35,793,000","-14,837,000","-7,605,000","-8,105,000","-5,246,000","-74,568,000","-18,002,000","-2,247,000","-32,177,000","-34,503,000","-28,505,000","-1,746,000","-28,963,000","-12,817,000","-14,762,000","2,947,000","1,477,000","31,934,000","1,969,000","21,322,000","37,987,000","-2,391,000","5,284,000","-616,000","-451,000","-10,747,000","8,345,000","-654,000","2,164,000","438,000","-2,044,000","-1,178,000","-1,344,000","-28,605,000","-428,000","212,000","-666,000","-692,000","-122,000","94,000","276,000","-1,469,000","-962,000","190,000","-2,100,000","-5,678,000","-24,085,000","-1,817,000","-1,293,000","-3,815,000","885,000","-21,549,000","-9,366,000","-5,189,000","-8,307,000","-149,603,000","-9,252,000","-9,330,000","-6,944,000","-21,410,000","-580,000","466,000","1,811,000","-797,000","1,479,000","655,000","384,000","-2,454,000","243,000","-334,155,000","-985,000","3,621,000","3,844,000","697,000","-6,924,000","-20,258,000","-372,000","4,360,000","-1,514,000","243,000","795,000","-453,000","400,000","-400,000","-4,800,000","3,200,000",,"12,500,000",,,,,,,,,,,,,,,,,,,,,,,,,,,,,,,,,,,,,,,,,,,,,,,,,,,
	SpecialIncomeCharges,"-24,007,000","-9,602,000","-3,257,000","-5,209,000","-5,939,000","-68,555,000","-13,041,000","-1,346,000","-30,260,000","-34,341,000","-29,748,000","-1,462,000","-29,378,000","-13,969,000","-13,015,000","1,717,000","443,000","35,346,000","2,867,000","21,373,000","38,148,000","-1,330,000","5,059,000","6,229,000",,"-12,229,000","7,935,000",,,,,,,"-27,412,000","-428,000","212,000","-666,000","-692,000","-122,000","94,000","276,000","-1,469,000","-962,000","190,000","-2,100,000","-5,678,000","-24,085,000","-1,817,000","-1,293,000","-3,815,000","885,000","-21,549,000","-9,366,000","-5,189,000","-8,307,000","-149,603,000","-9,252,000","-9,330,000","-6,944,000","-21,410,000","-580,000","466,000","1,811,000","-797,000","1,479,000","655,000","384,000","-2,454,000","243,000","-334,155,000","-985,000","3,621,000","3,844,000","697,000","-6,924,000","-20,258,000","-372,000","4,360,000","-1,514,000","243,000","795,000","-453,000","400,000","-400,000","-4,800,000","3,200,000",,"12,500,000",,,,,,,,,,,,,,,,,,,,,,,,,,,,,,,,,,,,,,,,,,,,,,,,,,,
		RestructuringAndMergernAcquisition,"26,030,000","9,953,000","4,647,000","5,209,000","6,221,000","21,121,000","20,277,000","13,297,000","33,225,000","34,341,000","29,748,000","30,117,000","42,066,000","13,969,000","13,015,000",,,,,,,,,,,,,,,,,,,,,,,,,,,,,,,,,,,"1,350,000",,"16,602,000","-453,000","0","6,130,000","11,155,000","6,479,000","6,844,000","4,813,000","19,289,000",,,,,,,,"3,065,000",,,,,,,,,,,,,,,,,,,,,,,,,,,,,,,,,,,,,,,,,,,,,,,,,,,,,,,,,,,,,,,,,,,,,,,
		ImpairmentOfCapitalAssets,"0"
		OtherSpecialCharges,"-633,000","-351,000",,,"-282,000","0","-7,207,000","-5,234,000","-2,965,000","0",,"-28,655,000","-12,688,000","0",,"-1,717,000","-443,000","-35,346,000","-3,049,000","-21,527,000","-38,511,000","0","-5,059,000","-6,229,000",,"12,229,000","-7,935,000",,,,,,,,,,,,,,,,,,,,,,,"2,465,000",,"4,947,000","9,819,000","5,189,000","2,177,000","138,448,000","2,773,000","2,486,000","2,131,000","2,121,000",,,,,,,,"-611,000",,,,,,,,,,,,,,,,,,,,,,,,,,,,,,,,,,,,,,,,,,,,,,,,,,,,,,,,,,,,,,,,,,,,,,,
		GainOnSaleOfBusiness,"1,390,000","0","1,390,000","0",,"0","29,000","6,717,000",,,,,,"0",,,,"0","-182,000","-154,000","-363,000","-1,330,000",,,,,,,,,,,,"-28,294,000",,,,,,,,,,,,,,,,,,,,,,,,,,,,,,,,,,,,,,,,,,,,,,,,,,,,,,,,,,,,,,,,,,,,,,,,,,,,,,,,,,,,,,,,,,,,,,,,,,,,,,,,,
	OtherNonOperatingIncomeExpenses,"-11,786,000","-5,235,000","-4,348,000","-2,896,000","693,000","-6,013,000","-4,961,000","-901,000","-1,917,000","-162,000","1,243,000","-284,000","415,000","1,152,000","-1,747,000","1,230,000","1,034,000","-3,412,000","-898,000","-51,000","-161,000","-1,061,000","225,000","-616,000","-451,000","1,482,000","410,000","-654,000","2,164,000","438,000","-2,044,000","-1,178,000","-1,344,000","-311,000",,,,,,,,,,,,,,,,,,,,,,,,,,,,,,,,,,,,,,,,,,,,,,,,,,,,,,,,,,,,,,,,,,,,,,,,,,,,,,,,,,,,,,,,,,,,,,,,,,,,,,,,,
PretaxIncome,"484,538,000","195,106,000","116,507,000","100,865,000","72,060,000","132,695,000","116,522,000","81,411,000","42,657,000","124,739,000","54,885,000","74,975,000","44,485,000","88,823,000","51,650,000","68,297,000","47,991,000","135,323,000","61,536,000","109,504,000","76,055,000","94,714,000","60,479,000","59,706,000","24,285,000","92,070,000","58,156,000","22,986,000","31,097,000","35,187,000","63,143,000","54,656,000","76,480,000","77,285,000","80,763,000","70,898,000","66,376,000","108,807,000","73,111,000","58,523,000","63,174,000","87,352,000","59,257,000","47,151,000","41,380,000","86,495,000","28,957,000","35,812,000","36,557,000","64,347,000","59,237,000","22,863,000","23,426,000","51,565,000","23,255,000","-139,512,000","19,273,000","40,887,000","36,850,000","6,356,000","47,887,000","68,251,000","54,015,000","43,821,000","49,519,000","56,401,000","38,442,000","24,436,000","31,664,000","-286,720,000","48,994,000","52,592,000","52,444,000","55,273,000","43,194,000","21,193,000","48,180,000","81,141,000","72,745,000","62,813,000","57,317,000","57,538,000","51,600,000","46,000,000","45,200,000","57,700,000","54,200,000","56,400,000","36,900,000","40,300,000","38,100,000","34,700,000","29,100,000","29,100,000","27,500,000","19,700,000","17,200,000","15,100,000","11,600,000","5,700,000","3,000,000","9,400,000","17,200,000","15,800,000","15,200,000","14,600,000","13,500,000","11,300,000","10,600,000","9,200,000","9,100,000","7,300,000","6,400,000","6,600,000","5,200,000","4,000,000","3,200,000","3,500,000","3,200,000","2,100,000","1,900,000","-3,100,000","2,200,000","3,100,000","3,100,000",,,,,,,,,,,,,,
TaxProvision,"110,038,000","46,026,000","25,737,000","21,615,000","16,660,000","15,896,000","2,306,000","5,545,000","8,958,000","123,479,000","17,617,000","27,516,000","13,831,000","10,001,000","15,144,000","21,903,000","14,618,000","39,176,000","19,636,000","33,092,000","24,778,000","14,037,000","18,779,000","20,378,000","10,818,000","-17,691,000","20,440,000","8,291,000","13,337,000","-9,020,000","16,122,000","16,370,000","22,954,000","18,076,000","23,600,000","19,142,000","17,656,000","27,583,000","21,948,000","17,691,000","17,530,000","15,864,000","16,148,000","12,141,000","9,787,000","27,419,000","10,805,000","12,914,000","14,879,000","15,835,000","19,152,000","16,652,000","13,524,000","15,506,000","13,657,000","16,017,000","10,328,000","14,993,000","13,886,000","65,770,000","14,364,000","8,939,000","16,205,000","13,147,000","14,855,000","17,483,000","11,920,000","7,266,000","10,127,000","16,325,000","16,168,000","17,330,000","17,305,000","18,790,000","14,686,000","7,206,000","16,381,000","28,405,000","25,499,000","22,031,000","20,098,000","20,437,000","18,600,000","16,600,000","17,200,000","21,200,000","20,100,000","21,100,000","13,800,000","14,200,000","14,400,000","13,200,000","10,900,000","11,300,000","10,800,000","7,700,000","6,800,000","5,900,000","4,600,000","2,300,000","1,200,000","3,600,000","6,900,000","6,200,000","6,000,000","5,800,000","5,500,000","4,300,000","4,200,000","3,500,000","3,500,000","2,800,000","2,500,000","2,500,000","1,900,000","1,500,000","1,200,000","1,300,000","1,200,000","800,000","700,000","-1,200,000","1,000,000","1,200,000","1,200,000",,,,,,,,,,,,,,
NetIncomeCommonStockholders,"374,500,000","149,080,000","90,770,000","79,250,000","55,400,000","116,799,000","114,216,000","75,866,000","33,699,000","1,260,000","37,268,000","47,459,000","30,654,000","78,822,000","36,506,000","46,394,000","33,373,000","96,147,000","41,900,000","76,412,000","51,277,000","80,677,000","41,700,000","39,328,000","13,467,000","109,761,000","37,716,000","14,695,000","17,760,000","44,207,000","45,898,000","34,458,000","51,692,000","54,069,000","53,519,000","50,107,000","48,701,000","77,297,000","50,458,000","40,855,000","45,633,000","70,091,000","43,142,000","35,157,000","31,765,000","58,590,000","18,390,000","23,680,000","22,966,000","50,176,000","40,949,000","7,242,000","9,902,000","36,059,000","9,598,000","-155,529,000","12,891,000","29,513,000","22,964,000","-59,414,000","33,523,000","59,312,000","37,810,000","30,674,000","34,664,000","38,918,000","26,522,000","17,170,000","21,537,000","-303,045,000","32,826,000","35,262,000","35,139,000","36,483,000","28,508,000","13,987,000","31,799,000","52,736,000","47,246,000","40,782,000","37,219,000","37,101,000","33,000,000","29,400,000","28,000,000","36,500,000","34,100,000","35,300,000","23,100,000","26,100,000","23,700,000","21,500,000","18,200,000","17,800,000","16,700,000","12,000,000","10,400,000","9,200,000","7,000,000","3,400,000","1,800,000","5,800,000","10,300,000","9,600,000","9,200,000","8,800,000","8,000,000","7,000,000","6,400,000","5,700,000","5,600,000","4,500,000","3,900,000","4,100,000","3,300,000","2,500,000","2,000,000","2,200,000","2,000,000","1,300,000","1,200,000","-1,900,000","1,200,000","1,900,000","1,900,000",,,,,,,,,,,,,,
	NetIncome,"374,500,000","149,080,000","90,770,000","79,250,000","55,400,000","116,799,000","114,216,000","75,866,000","33,699,000","1,260,000","37,268,000","47,459,000","30,654,000","78,822,000","36,506,000","46,394,000","33,373,000","96,147,000","41,900,000","76,412,000","51,277,000","80,677,000","41,700,000","39,328,000","13,467,000","109,761,000","37,716,000","14,695,000","17,760,000","44,207,000","45,898,000","34,458,000","51,692,000","54,069,000","53,519,000","50,107,000","48,701,000","77,297,000","50,458,000","40,855,000","45,633,000","70,091,000","43,142,000","35,157,000","31,765,000","58,590,000","18,390,000","23,680,000","22,966,000","50,176,000","40,949,000","7,242,000","9,902,000","36,059,000","9,598,000","-155,529,000","12,891,000","29,513,000","22,964,000","-59,414,000","33,523,000","59,312,000","37,810,000","30,674,000","34,664,000","38,918,000","26,522,000","17,170,000","21,537,000","-303,045,000","32,826,000","35,262,000","35,139,000","36,483,000","28,508,000","13,987,000","31,799,000","52,736,000","47,246,000","40,782,000","37,219,000","37,101,000","33,000,000","29,400,000","28,000,000","36,500,000","34,100,000","35,300,000","23,100,000","26,100,000","23,700,000","21,500,000","18,200,000","17,800,000","16,700,000","12,000,000","10,400,000","9,200,000","7,000,000","3,400,000","1,800,000","5,800,000","10,300,000","9,600,000","9,200,000","8,800,000","8,000,000","7,000,000","6,400,000","5,700,000","5,600,000","4,500,000","3,900,000","4,100,000","3,300,000","2,500,000","2,000,000","2,200,000","2,000,000","1,300,000","1,200,000","-1,900,000","1,200,000","1,900,000","1,900,000",,,,,,,,,,,,,,
		NetIncomeIncludingNoncontrollingInterests,"374,500,000","149,080,000","90,770,000","79,250,000","55,400,000","116,799,000","114,216,000","75,866,000","33,699,000","1,260,000","37,268,000","47,459,000","30,654,000","78,822,000","36,506,000","46,394,000","33,373,000","96,147,000","41,900,000","76,412,000","51,277,000","80,677,000","41,700,000","39,328,000","13,467,000","109,761,000","37,716,000","14,695,000","17,760,000","44,207,000","47,021,000","38,286,000","53,526,000","59,209,000","57,163,000","51,756,000","48,720,000","81,224,000","51,163,000","40,832,000","45,644,000","71,488,000","43,109,000","35,010,000","31,593,000","59,076,000","18,152,000","22,898,000","21,678,000","48,512,000","40,085,000","6,211,000","9,902,000","36,059,000","9,598,000","-155,529,000","12,891,000","29,513,000","22,964,000","-59,414,000","33,523,000","59,312,000","37,810,000","30,674,000","34,664,000","38,918,000","26,522,000","17,170,000","21,537,000","-303,045,000","32,826,000","35,262,000","35,139,000","36,483,000","28,508,000","13,987,000","31,799,000","52,752,000","47,354,000","40,889,000","37,327,000","37,217,000","33,100,000","29,500,000","28,100,000","36,800,000","34,700,000","35,200,000","23,200,000","26,500,000","23,700,000","21,500,000","18,200,000","17,800,000","16,700,000","12,000,000","10,400,000","9,200,000","7,000,000","3,400,000","1,800,000","5,800,000","10,300,000","9,600,000","9,200,000","8,800,000","8,000,000","7,000,000","6,400,000","5,700,000","5,600,000","4,500,000","3,900,000","4,100,000","3,300,000","2,500,000","2,000,000","2,200,000","2,000,000","1,300,000","1,200,000","-1,900,000","1,200,000","1,900,000","1,900,000","2,300,000","1,800,000","1,700,000","2,100,000","1,400,000","1,000,000","700,000","1,100,000","800,000","600,000","300,000","300,000","300,000","200,000"
			NetIncomeContinuousOperations,"374,500,000","149,080,000","90,770,000","79,250,000","55,400,000","116,799,000","114,216,000","75,866,000","33,699,000","1,260,000","37,268,000","47,459,000","30,654,000","78,822,000","36,506,000","46,394,000","33,373,000","96,147,000","41,900,000","76,412,000","51,277,000","80,677,000","41,700,000","39,328,000","13,467,000","109,761,000","37,716,000","14,695,000","17,760,000","44,207,000","47,021,000","38,286,000","53,526,000","59,209,000","57,163,000","51,756,000","48,720,000","81,224,000","51,163,000","40,832,000","45,644,000","71,488,000","43,109,000","35,010,000","31,593,000","58,590,000","18,390,000","23,680,000","22,966,000","50,176,000","40,949,000","7,242,000","9,902,000","36,059,000","9,598,000","-155,529,000","8,945,000","25,894,000","22,964,000","-59,414,000","33,523,000","59,312,000","37,810,000","30,674,000","34,664,000","38,918,000","26,522,000","17,170,000","21,537,000","-303,045,000","32,826,000","35,262,000","35,139,000","36,483,000","28,508,000","13,987,000","31,799,000","52,736,000","47,246,000","40,782,000","37,219,000","37,101,000","33,000,000","29,400,000","28,000,000","36,500,000","34,100,000","35,300,000","23,100,000","26,100,000","23,700,000","21,500,000","18,200,000","17,800,000","16,700,000","12,000,000","10,400,000","9,200,000","7,000,000","3,400,000","1,800,000","5,800,000","10,300,000","9,600,000","9,200,000","8,800,000","8,000,000","7,000,000","6,400,000","5,700,000","5,600,000","4,500,000","3,900,000","4,100,000","3,300,000","2,500,000","2,000,000","2,200,000","2,000,000","1,300,000","1,200,000","-1,900,000","1,200,000","1,900,000","1,900,000","2,300,000","1,800,000","1,700,000","2,100,000","1,400,000","1,000,000","700,000","1,100,000","800,000","600,000","300,000","300,000","300,000","200,000"
			NetIncomeDiscontinuousOperations,,,,,,,,,,,,,,,,,,,,,,,,,,,,,,,,,,,,,,,,,,,,,,,,,,,,,,"0",,,"3,946,000",,,,,,,,,,,,,,,,,,,,,,,,,,,,,,,,,,,,,,,,,,,,,,,,,,,,,,,,,,,,,,,,,,,,,,,,,,,,,,,,,,
		MinorityInterests,,,,,,,,,,,,,,,,,,,,,,,,,,"0","0","0","0","0","-1,123,000","-3,828,000","-1,834,000","-5,140,000","-3,644,000","-1,649,000","-19,000","-3,927,000","-705,000","23,000","-11,000","-1,397,000","33,000","147,000","172,000","-486,000","238,000","782,000","1,288,000","1,664,000","864,000","1,031,000",,,,,,,,,,,,,,,,,,,,,,,,,,"-16,000","-108,000","-107,000","-108,000","-116,000","-100,000","-100,000","-100,000","-300,000","-600,000","100,000","-100,000",,,,,,,,,,,,,,,,,,,,,,,,,,,,,,,,,,,,,,,,,,,,,,,,,,
DilutedNIAvailtoComStockholders,"374,500,000","149,080,000","90,770,000","79,250,000","55,400,000","116,799,000","114,216,000","75,866,000","33,699,000","1,260,000","37,268,000","47,459,000","30,654,000","78,822,000","36,506,000","46,394,000","33,373,000","96,147,000","41,900,000","76,412,000","51,277,000","80,677,000","41,700,000","39,328,000","13,467,000","109,761,000","37,716,000","14,695,000","17,760,000","44,207,000","45,898,000","34,458,000","51,692,000","54,069,000","53,519,000","50,107,000","48,701,000","77,297,000","50,458,000","40,855,000","45,633,000","70,091,000","43,142,000","35,157,000","31,765,000","58,590,000","18,390,000","23,680,000","22,966,000","50,176,000","40,949,000","7,242,000","9,902,000","36,059,000","9,598,000","-155,529,000","12,891,000","29,513,000","22,964,000","-59,414,000","33,523,000","59,312,000","37,810,000","30,674,000","34,664,000","38,918,000","26,522,000","17,170,000","21,537,000","-303,045,000","32,826,000","35,262,000","35,139,000","36,483,000","28,508,000","13,987,000","31,799,000","52,736,000","47,246,000","40,782,000","37,219,000","37,101,000","33,000,000","29,400,000","28,000,000","36,500,000","34,100,000","35,300,000","23,100,000","26,100,000","23,700,000","21,500,000","18,200,000","17,800,000","16,700,000","12,000,000","10,400,000","9,200,000","7,000,000","3,400,000","1,800,000","5,800,000","10,300,000","9,600,000","9,200,000","8,800,000","8,000,000","7,000,000","6,400,000","5,700,000","5,600,000","4,500,000","3,900,000","4,100,000","3,300,000","2,500,000","2,000,000","2,200,000","2,000,000","1,300,000","1,200,000","-1,900,000","1,200,000","1,900,000","1,900,000",,,,,,,,,,,,,,
BasicEPS,,,"2.54","2.17","1.5",,"2.98","1.97","0.88","0.03","0.98","1.24","0.82","2.24","1.04","1.32","0.95","2.74","1.19","2.09","1.39","2.12","1.09","1.03","0.35",,"0.99","0.39","0.47","2.18","1.22","0.89","1.26","1.31","1.27","1.11","1.04",,"1.08","0.82","0.89",,"0.85","0.7","0.63",,"0.37","0.45","0.43",,"0.74","0.13","0.18",,"0.18","-2.81","0.23",,"0.4","-1.02","0.57",,"0.65","0.53","0.6",,"0.47","0.3","0.38",,"0.58","0.62","0.63",,"0.52","0.26","0.59",,"0.88","0.77","0.71",,"0.63","0.57","0.55",,"0.67","0.73","0.48",,"0.51","0.47","0.41",,"0.38","0.3","0.27",,"0.18","0.09","0.05",,"0.27","0.25","0.24",,"0.22","0.19","0.18",,"0.18","0.15","0.13",,"0.13","0.1","0.08",,"0.08","0.05","0.05",,"0.05","0.08","0.08",,"0.08","0.08","0.11",,"0.06","0.04","0.06",,"0.03","0.02","0.02",,"0.02"
DilutedEPS,,,"2.52","2.16","1.49",,"2.96","1.97","0.87","0.03","0.97","1.24","0.82","2.22","1.03","1.31","0.94","2.72","1.18","2.09","1.38","2.11","1.09","1.03","0.35",,"0.99","0.38","0.47","2.17","1.21","0.88","1.24","1.29","1.26","1.1","1.03",,"1.07","0.82","0.88",,"0.84","0.7","0.63",,"0.37","0.45","0.43",,"0.73","0.13","0.18",,"0.18","-2.81","0.23",,"0.4","-1.02","0.56",,"0.64","0.52","0.59",,"0.46","0.3","0.38",,"0.57","0.6","0.6",,"0.51","0.25","0.57",,"0.82","0.72","0.68",,"0.6","0.54","0.53",,"0.63","0.7","0.46",,"0.51","0.47","0.41",,"0.38","0.3","0.27",,"0.18","0.09","0.05",,"0.27","0.25","0.24",,"0.22","0.19","0.18",,"0.18","0.15","0.13",,"0.13","0.1","0.08",,"0.08","0.05","0.05",,"0.05","0.08","0.08",,"0.08","0.08","0.11",,"0.06","0.04","0.06",,"0.03","0.02","0.02",,"0.02"
BasicAverageShares,,,"35,720,000","36,476,000","37,011,000",,"38,358,000","38,428,000","38,281,000","38,194,000","38,186,000","38,174,000","37,251,000","35,224,000","35,218,000","35,207,000","35,127,000","35,078,000","35,214,000","36,506,000","36,822,000","38,054,000","38,253,000","38,244,000","38,137,000",,"38,060,000","38,043,000","37,907,000","37,790,000","37,765,000","38,826,000","41,154,000","41,217,000","42,104,000","45,097,000","46,673,000",,"46,672,000","49,612,000","51,492,000",,"50,556,000","50,252,000","50,153,000",,"50,163,000","52,109,000","52,845,000",,"55,314,000","55,080,000","54,961,000",,"54,560,000","55,307,000","55,906,000",,"57,365,000","58,313,000","58,932,000",,"58,147,000","58,062,000","57,813,000",,"56,877,000","56,693,000","56,550,000",,"56,447,000","56,422,000","55,662,000",,"54,448,000","54,146,000","53,829,000",,"53,681,000","53,162,000","52,322,000",,"52,380,952","51,578,947","50,909,091",,"50,895,522","48,356,164","48,125,000",,"46,470,588","45,744,681","44,390,244",,"43,947,368","40,000,000","38,518,519",,"38,888,889","37,777,778","36,000,000",,"38,148,148","38,400,000","38,333,333",,"36,363,636","36,842,105","35,555,556",,"31,111,111","30,000,000","30,000,000",,"25,384,615","25,000,000","25,000,000",,"25,000,000","26,000,000","24,000,000",,"24,000,000","23,750,000","23,750,000",,"24,744,000","23,512,000","23,512,000",,"19,080,000","19,080,000","19,080,000",,"19,068,000","19,068,000","19,068,000",,"19,068,000"
DilutedAverageShares,,,"35,968,000","36,661,000","37,247,000",,"38,526,000","38,566,000","38,561,000","38,529,000","38,433,000","38,388,000","37,468,000","35,512,000","35,449,000","35,378,000","35,370,000","35,305,000","35,397,000","36,615,000","37,036,000","38,282,000","38,433,000","38,368,000","38,321,000",,"38,228,000","38,180,000","38,171,000","38,091,000","38,025,000","39,055,000","41,599,000","41,865,000","42,554,000","45,596,000","47,389,000",,"47,069,000","49,986,000","52,069,000",,"51,158,000","50,461,000","50,242,000",,"50,368,000","52,427,000","53,114,000",,"55,727,000","55,487,000","55,331,000",,"54,560,000","55,307,000","56,265,000",,"57,935,000","58,313,000","59,752,000",,"59,088,000","59,003,000","58,962,000",,"57,781,000","57,123,000","56,777,000",,"62,382,000","62,809,000","62,436,000",,"61,090,000","55,217,000","60,076,000",,"60,591,000","60,036,000","58,470,000",,"55,000,000","54,444,444","52,830,189",,"54,126,984","50,428,571","50,217,391",,"46,470,588","45,744,681","44,390,244",,"43,947,368","40,000,000","38,518,519",,"38,888,889","37,777,778","36,000,000",,"38,148,148","38,400,000","38,333,333",,"36,363,636","36,842,105","35,555,556",,"31,111,111","30,000,000","30,000,000",,"25,384,615","25,000,000","25,000,000",,"25,000,000","26,000,000","24,000,000",,"24,000,000","23,750,000","23,750,000",,"24,744,000","23,512,000","23,512,000",,"19,080,000","19,080,000","19,080,000",,"19,068,000","19,068,000","19,068,000",,"19,068,000"
TotalOperatingIncomeAsReported,"582,329,000","218,070,000","141,888,000","124,747,000","97,624,000","166,053,000","146,888,000","110,365,000","70,496,000","151,903,000","79,567,000","103,531,000","75,078,000","103,117,000","62,872,000","73,355,000","52,558,000","145,202,000","68,053,000","106,235,000","81,938,000","101,684,000","66,745,000","67,710,000","31,496,000","97,743,000","63,880,000","29,859,000","36,031,000","54,025,000","69,546,000","59,256,000","80,893,000","83,831,000","89,569,000","78,775,000","75,683,000","117,769,000","80,972,000","65,758,000","69,486,000","94,191,000","66,032,000","53,684,000","49,929,000","98,548,000","59,093,000","42,152,000","42,366,000","72,434,000","59,503,000","26,705,000","29,712,000","65,536,000","32,086,000","-130,847,000","29,042,000","51,455,000","44,055,000","13,838,000","53,947,000","75,275,000","56,675,000","49,886,000","53,678,000","61,445,000","41,605,000","27,263,000","35,303,000","-274,239,000","54,025,000","55,425,000","54,947,000","62,061,000","52,341,000","37,383,000","71,331,000","104,218,000","98,712,000","84,445,000","75,381,000","74,372,000","68,400,000","62,200,000","67,100,000","71,100,000","69,200,000","50,200,000","45,000,000","50,000,000","46,100,000","40,800,000","35,600,000","35,200,000","32,000,000","25,000,000","22,700,000","20,300,000","16,500,000","10,600,000","8,200,000","14,300,000","20,700,000","18,600,000","17,700,000","16,100,000","14,800,000","12,400,000","11,700,000","10,400,000","10,200,000","8,300,000","7,100,000","7,400,000","6,200,000","5,200,000","4,300,000","4,900,000","4,400,000","3,200,000","3,300,000","-2,000,000","3,300,000","4,000,000","3,600,000",,,,,,,,,,,,,,
TotalExpenses,"36,392,085,000","10,153,137,000","8,973,799,000","8,962,288,000","8,302,861,000","10,229,893,000","9,180,100,000","8,774,390,000","8,447,563,000","10,906,285,000","9,026,413,000","8,777,698,000","7,559,607,000","7,310,424,000","6,414,378,000","6,282,101,000","5,911,247,000","7,373,765,000","6,363,354,000","6,495,531,000","5,843,439,000","7,236,477,000","6,699,495,000","6,774,099,000","6,696,655,000","7,863,135,000","6,317,619,000","6,297,617,000","6,111,726,000","7,406,687,000","5,971,010,000","5,902,244,000","5,814,668,000","7,000,427,000","6,504,414,000","6,370,686,000","6,256,445,000","6,999,426,000","6,082,790,000","5,408,203,000","5,551,569,000","6,188,949,000","5,576,014,000","5,130,047,000","4,941,030,000","5,613,989,000","6,077,019,000","6,123,869,000","6,023,448,000","6,410,095,000","5,864,311,000","5,570,001,000","5,372,818,000","6,056,155,000","5,393,131,000","5,062,973,000","4,908,605,000","5,428,476,000","5,038,786,000","4,795,461,000","5,025,887,000","5,542,841,000","4,714,415,000","4,528,949,000","4,768,614,000","4,860,349,000","4,353,398,000","4,148,423,000","3,878,554,000","4,285,326,000","3,756,694,000","3,941,294,000","3,865,473,000","4,102,923,000","4,163,610,000","4,099,201,000","4,608,661,000","5,212,786,000","5,090,474,000","4,912,528,000","4,849,135,000","4,705,178,000","4,241,700,000","3,962,800,000","3,810,100,000","3,781,900,000","3,209,200,000","2,163,100,000","2,139,400,000","2,063,200,000","1,975,400,000","1,511,000,000","1,334,500,000","1,278,200,000","1,204,700,000","1,038,200,000","962,900,000","880,700,000","826,800,000","698,200,000","625,300,000","645,600,000","637,600,000","551,100,000","512,800,000","428,000,000","389,100,000","339,600,000","320,600,000","273,500,000","255,200,000","219,500,000","194,700,000","192,900,000","169,700,000","139,200,000","122,100,000","117,200,000","111,300,000","99,500,000","98,000,000","102,800,000","88,500,000","74,600,000","73,200,000",,,,,,,,,,,,,,
NetIncomeFromContinuingAndDiscontinuedOperation,"374,500,000","149,080,000","90,770,000","79,250,000","55,400,000","116,799,000","114,216,000","75,866,000","33,699,000","1,260,000","37,268,000","47,459,000","30,654,000","78,822,000","36,506,000","46,394,000","33,373,000","96,147,000","41,900,000","76,412,000","51,277,000","80,677,000","41,700,000","39,328,000","13,467,000","109,761,000","37,716,000","14,695,000","17,760,000","44,207,000","45,898,000","34,458,000","51,692,000","54,069,000","53,519,000","50,107,000","48,701,000","77,297,000","50,458,000","40,855,000","45,633,000","70,091,000","43,142,000","35,157,000","31,765,000","58,590,000","18,390,000","23,680,000","22,966,000","50,176,000","40,949,000","7,242,000","9,902,000","36,059,000","9,598,000","-155,529,000","12,891,000","29,513,000","22,964,000","-59,414,000","33,523,000","59,312,000","37,810,000","30,674,000","34,664,000","38,918,000","26,522,000","17,170,000","21,537,000","-303,045,000","32,826,000","35,262,000","35,139,000","36,483,000","28,508,000","13,987,000","31,799,000","52,736,000","47,246,000","40,782,000","37,219,000","37,101,000","33,000,000","29,400,000","28,000,000","36,500,000","34,100,000","35,300,000","23,100,000","26,100,000","23,700,000","21,500,000","18,200,000","17,800,000","16,700,000","12,000,000","10,400,000","9,200,000","7,000,000","3,400,000","1,800,000","5,800,000","10,300,000","9,600,000","9,200,000","8,800,000","8,000,000","7,000,000","6,400,000","5,700,000","5,600,000","4,500,000","3,900,000","4,100,000","3,300,000","2,500,000","2,000,000","2,200,000","2,000,000","1,300,000","1,200,000","-1,900,000","1,200,000","1,900,000","1,900,000",,,,,,,,,,,,,,
NormalizedIncome,"393,057,411","156,416,863.859","93,307,203","83,344,274","59,967,091","177,141,555.824","126,996,180","77,120,472","57,604,400","26,328,930","57,466,892","48,384,446","50,895,442","91,218,164.484","45,707,605","45,228,157","33,065,115","71,033,664.78","39,947,573","61,493,646","25,565,248","81,809,888.591","38,214,349","39,328,000","13,467,000","117,709,850","32,566,185","14,695,000","17,760,000","44,207,000","45,898,000","34,458,000","51,692,000","75,069,674.232","53,821,932.828","49,952,238.625","49,189,844.161","77,813,575.294","50,543,375.47","40,789,415.392","45,433,586.57","71,293,214.855","43,841,847.41","35,015,923.459","33,368,318.028","62,468,068.42","33,487,935.56","24,841,780.018","23,806,450","53,052,175.735","40,350,130.628","21,248,850","15,989,900","39,687,626.995","14,582,200","-65,767,200","14,496,200","31,802,748.991","27,291,327.436","-46,568,000","33,929,025.435","58,907,033.157","36,542,316.764","31,231,887.269","33,628,679.093","38,466,034.787","26,257,069.767","18,894,307.579","21,371,717.945","-102,552,000","33,485,950.402","32,834,183.944","32,563,408.588","36,022,944.439","33,077,833.588","27,356,916.765","32,044,521.544","49,902,303.595","48,229,303.925","40,624,229.698","36,702,763.892","37,393,098.318","32,744,186.047","29,655,652.174","30,973,451.327","34,475,736.568","34,100,000","27,476,418.44","23,100,000","26,100,000","23,700,000","21,500,000","18,200,000","17,800,000","16,700,000","12,000,000","10,400,000","9,200,000","7,000,000","3,400,000","1,800,000","5,800,000","10,300,000","9,600,000","9,200,000","8,800,000","8,000,000","7,000,000","6,400,000","5,700,000","5,600,000","4,500,000","3,900,000","4,100,000","3,300,000","2,500,000","2,000,000","2,200,000","2,000,000","1,300,000","1,200,000","-1,900,000","1,200,000","1,900,000","1,900,000",,,,,,,,,,,,,,
InterestIncome,,,,,,,,,,,,,,,,"-6,288,000",,,,"3,320,000",,,,,,,,,,,,,,,,,,,,,,"571,000","860,000","412,000","1,441,000",,,,,,,,,,,,,,,,,,,,,,,,,,,,,,,,,,,,,,,,,,,,,,,,,,,,,,,,,,,,,,,,,,,,,,,,,,,,,,,,,,,,,,,,,,,,,,
InterestExpense,"86,005,000","17,729,000","21,033,000","20,986,000","26,257,000","27,345,000","25,405,000","28,053,000","25,922,000","27,002,000","25,925,000","28,272,000","31,008,000","15,446,000","9,475,000","6,288,000","5,601,000","6,467,000","5,619,000","3,320,000","5,722,000","5,909,000","6,491,000","7,388,000","6,760,000","7,155,000","6,134,000","6,219,000","7,098,000","19,276,000","4,359,000","3,422,000","3,069,000","6,235,000","8,378,000","8,089,000","8,641,000","8,270,000","7,739,000","7,329,000","6,588,000","5,941,000","6,673,000","7,135,000","7,890,000",,,,,,,,,,,,,,,,,,,,,,,,,,,,,,,,,,,,,,,,,,,,,,,,,,,,,,,,,,,,,,,,,,,,,,,,,,,,,,,,,,,,,,,,,,,,,,
NetInterestIncome,"-86,005,000","-17,729,000","-21,033,000","-20,986,000","-26,257,000","-27,345,000","-25,405,000","-28,053,000","-25,922,000","-27,002,000","-25,925,000","-28,272,000","-31,008,000","-15,446,000","-9,475,000","-6,288,000","-5,601,000","-6,467,000","-5,619,000","3,320,000","-5,722,000","-5,909,000","-6,491,000","-7,388,000","-6,760,000","-7,155,000","-6,134,000","-6,219,000","-7,098,000","-19,276,000","-4,359,000","-3,422,000","-3,069,000","-6,235,000","-8,378,000","-8,089,000","-8,641,000","-8,270,000","-7,739,000","-7,329,000","-6,588,000","-5,370,000","-5,813,000","-6,723,000","-6,449,000",,,,,,,,,,,,,,,,,,,,,,,,,,,,,,,,,,,,,,,,,,,,,,,,,,,,,,,,,,,,,,,,,,,,,,,,,,,,,,,,,,,,,,,,,,,,,,
EBIT,"570,543,000","212,835,000","137,540,000","121,851,000","98,317,000","160,040,000","141,927,000","109,464,000","68,579,000","151,741,000","80,810,000","103,247,000","75,493,000","104,269,000","61,125,000","71,638,000","53,592,000","141,790,000","67,155,000","112,824,000","81,777,000","100,623,000","66,970,000","67,094,000","31,045,000","99,225,000","64,290,000","29,205,000","38,195,000","54,463,000","67,502,000","58,078,000","79,549,000","83,520,000","89,141,000","78,987,000","75,017,000","117,077,000","80,850,000","65,852,000","69,762,000","93,293,000","65,930,000","54,286,000","49,270,000","98,548,000","59,093,000","42,152,000","42,366,000","73,784,000","59,503,000","43,307,000","29,259,000","65,536,000","38,216,000","-119,692,000","35,521,000","58,299,000","48,868,000","33,127,000","53,947,000","75,275,000","56,675,000","49,886,000","53,678,000","58,380,000","41,605,000","30,328,000","35,303,000","-274,239,000","54,025,000","55,425,000","54,947,000","62,061,000","52,341,000","37,383,000","71,331,000","104,218,000","98,712,000","84,445,000","75,381,000","74,372,000","68,400,000","62,200,000","67,100,000","71,100,000","69,200,000","50,200,000","45,000,000","50,000,000","46,100,000","40,800,000","35,600,000","35,200,000","32,000,000","25,000,000","22,700,000","20,300,000","16,500,000","10,600,000","8,200,000","14,300,000","20,700,000","18,600,000","17,700,000","16,100,000","14,800,000","12,400,000","11,700,000","10,400,000","10,200,000","8,300,000","7,100,000","7,400,000","6,200,000","5,200,000","4,300,000","4,900,000","4,400,000","3,200,000","3,300,000","-2,000,000","3,300,000","4,000,000","3,600,000","-161,300,000","62,400,000","54,700,000","58,100,000","-93,500,000","37,200,000","31,100,000","33,300,000","-43,200,000","21,200,000","13,900,000","12,300,000","-24,100,000","10,200,000"
EBITDA,"723,642,000"
ReconciledCostOfRevenue,"34,700,774,000","9,714,578,000","8,558,557,000","8,530,594,000","7,897,045,000","9,815,353,000","8,783,425,000","8,359,071,000","8,025,202,000","10,475,668,000","8,609,647,000","8,367,100,000","7,206,975,000","7,056,483,000","6,174,426,000","6,037,289,000","5,664,751,000","7,128,972,000","6,113,696,000","6,255,114,000","5,595,340,000","6,967,222,000","6,426,196,000","6,490,437,000","6,392,823,000","7,575,091,000","6,047,488,000","6,011,636,000","5,825,343,000","7,087,380,000","5,732,295,000","5,660,256,000","5,575,344,000","6,737,608,000","6,249,236,000","6,108,623,000","5,998,666,000","6,738,449,000","5,839,560,000","5,186,424,000","5,328,252,000","5,955,218,000","5,345,472,000","4,914,847,000","4,727,625,000","5,391,298,000","5,838,138,000","5,866,905,000","5,771,147,000","6,162,776,000","5,640,068,000","5,338,997,000","5,146,829,000","5,825,229,000","5,183,787,000","4,717,671,000","4,706,987,000","5,255,393,000","4,825,626,000","4,576,598,000","4,802,715,000","5,312,487,000","4,507,504,000","4,311,210,000","4,547,100,000","4,626,747,000","4,149,917,000","3,941,333,000","3,706,697,000","3,805,782,000","3,603,831,000","3,786,046,000","3,711,528,000","3,940,524,000","3,987,736,000","3,912,422,000","4,428,799,000","5,007,521,000","4,892,899,000","4,716,324,000","4,650,950,000","4,509,844,000","4,063,800,000","3,802,500,000","3,638,100,000","3,608,600,000","3,052,700,000","2,060,500,000","2,036,700,000","1,968,300,000","1,884,500,000","1,442,300,000","1,269,400,000","1,215,500,000","1,145,700,000","984,100,000","911,900,000","831,700,000","780,100,000","654,700,000","583,200,000","604,500,000","602,100,000","519,800,000","483,600,000","404,100,000","367,100,000","319,400,000","301,700,000","256,900,000","239,400,000","204,800,000","180,800,000","178,900,000","157,500,000","128,400,000","112,000,000","107,600,000","101,900,000","90,300,000","88,300,000","92,500,000","79,700,000","66,700,000","66,200,000",,,,,,,,,,,,,,
ReconciledDepreciation,"153,099,000","40,373,000","37,967,000","37,502,000","37,257,000","39,356,000","39,242,000","39,918,000","40,481,000","37,139,000","42,334,000","38,890,000","31,683,000","13,214,000","13,128,000","14,048,000","14,047,000","14,735,000","14,347,000","13,992,000","14,179,000","16,055,000","16,762,000","17,713,000","18,216,000","18,541,000","18,363,000","18,108,000","17,967,000","18,239,000","13,524,000","13,193,000","13,397,000","14,538,000","13,851,000","14,187,000","14,756,000","13,740,000","11,597,000","10,793,000","11,155,000","11,810,000","11,661,000","11,514,000","10,969,000","11,398,000","12,070,000","13,695,000","14,071,000","14,340,000","13,630,000","12,692,000","13,219,000","13,430,000","13,414,000","13,427,000","13,009,000","13,290,000","13,613,000","13,603,000","13,238,000",,,"13,850,000","13,839,000","15,850,000","13,478,000","13,809,000","11,947,000","11,780,000","12,067,000","13,166,000","12,836,000","15,362,000","16,503,000","15,781,000","15,842,000","17,189,000","15,610,000","15,416,000","15,707,000","15,142,000","14,900,000","14,000,000","13,800,000","14,100,000","12,600,000","8,000,000","7,900,000","7,700,000","7,600,000","5,500,000","5,600,000","5,500,000","5,000,000","4,800,000","4,700,000","4,900,000","4,500,000","4,000,000","4,000,000","2,900,000","2,400,000","2,100,000","1,700,000","1,700,000","1,400,000","1,300,000","1,200,000","900,000","1,000,000","800,000","700,000","900,000","700,000","700,000","700,000","600,000","700,000","700,000","900,000","700,000","600,000","500,000","400,000",,,,,,,,,,,,,,
NetIncomeFromContinuingOperationNetMinorityInterest,"374,500,000","149,080,000","90,770,000","79,250,000","55,400,000","116,799,000","114,216,000","75,866,000","33,699,000","1,260,000","37,268,000","47,459,000","30,654,000","78,822,000","36,506,000","46,394,000","33,373,000","96,147,000","41,900,000","76,412,000","51,277,000","80,677,000","41,700,000","39,328,000","13,467,000","109,761,000","37,716,000","14,695,000","17,760,000","44,207,000","45,898,000","34,458,000","51,692,000","54,069,000","53,519,000","50,107,000","48,701,000","77,297,000","50,458,000","40,855,000","45,633,000","70,091,000","43,142,000","35,157,000","31,765,000","58,590,000","18,390,000","23,680,000","22,966,000","50,176,000","40,949,000","7,242,000","9,902,000","36,059,000","9,598,000","-155,529,000","8,945,000","25,894,000","22,964,000","-59,414,000","33,523,000","59,312,000","37,810,000","30,674,000","34,664,000","38,918,000","26,522,000","17,170,000","21,537,000","-303,045,000","32,826,000","35,262,000","35,139,000","36,483,000","28,508,000","13,987,000","31,799,000","52,736,000","47,246,000","40,782,000","37,219,000","37,101,000","33,000,000","29,400,000","28,000,000","36,500,000","34,100,000","35,300,000","23,100,000","26,100,000","23,700,000","21,500,000","18,200,000","17,800,000","16,700,000","12,000,000","10,400,000","9,200,000","7,000,000","3,400,000","1,800,000","5,800,000","10,300,000","9,600,000","9,200,000","8,800,000","8,000,000","7,000,000","6,400,000","5,700,000","5,600,000","4,500,000","3,900,000","4,100,000","3,300,000","2,500,000","2,000,000","2,200,000","2,000,000","1,300,000","1,200,000","-1,900,000","1,200,000","1,900,000","1,900,000",,,,,,,,,,,,,,
TotalUnusualItemsExcludingGoodwill,"-24,007,000","-9,602,000","-3,257,000","-5,209,000","-5,939,000","-68,555,000","-13,041,000","-1,346,000","-30,260,000","-34,341,000","-29,748,000","-1,462,000","-29,378,000","-13,969,000","-13,015,000","1,717,000","443,000","35,346,000","2,867,000","21,373,000","38,148,000","-1,330,000","5,059,000","6,229,000",,"-12,229,000","7,935,000",,,,,,,"-27,412,000","-428,000","212,000","-666,000","-692,000","-122,000","94,000","276,000","-1,469,000","-962,000","190,000","-2,100,000","-5,678,000","-24,085,000","-1,817,000","-1,293,000","-3,815,000","885,000","-21,549,000","-9,366,000","-5,189,000","-8,307,000","-149,603,000","-9,252,000","-9,330,000","-6,944,000","-21,410,000","-580,000","466,000","1,811,000","-797,000","1,479,000","655,000","384,000","-2,454,000","243,000","-334,155,000","-985,000","3,621,000","3,844,000","697,000","-6,924,000","-20,258,000","-372,000","4,360,000","-1,514,000","243,000","795,000","-453,000","400,000","-400,000","-4,800,000","3,200,000",,"12,500,000",,,,,,,,,,,,,,,,,,,,,,,,,,,,,,,,,,,,,,,,,,,,,,,,,,,
TotalUnusualItems,"-24,007,000","-9,602,000","-3,257,000","-5,209,000","-5,939,000","-68,555,000","-13,041,000","-1,346,000","-30,260,000","-34,341,000","-29,748,000","-1,462,000","-29,378,000","-13,969,000","-13,015,000","1,717,000","443,000","35,346,000","2,867,000","21,373,000","38,148,000","-1,330,000","5,059,000","6,229,000",,"-12,229,000","7,935,000",,,,,,,"-27,412,000","-428,000","212,000","-666,000","-692,000","-122,000","94,000","276,000","-1,469,000","-962,000","190,000","-2,100,000","-5,678,000","-24,085,000","-1,817,000","-1,293,000","-3,815,000","885,000","-21,549,000","-9,366,000","-5,189,000","-8,307,000","-149,603,000","-9,252,000","-9,330,000","-6,944,000","-21,410,000","-580,000","466,000","1,811,000","-797,000","1,479,000","655,000","384,000","-2,454,000","243,000","-334,155,000","-985,000","3,621,000","3,844,000","697,000","-6,924,000","-20,258,000","-372,000","4,360,000","-1,514,000","243,000","795,000","-453,000","400,000","-400,000","-4,800,000","3,200,000",,"12,500,000",,,,,,,,,,,,,,,,,,,,,,,,,,,,,,,,,,,,,,,,,,,,,,,,,,,
NormalizedEBITDA,"747,649,000","262,810,000","178,764,000","164,562,000","141,513,000","267,951,000","194,210,000","150,728,000","139,320,000","223,221,000","152,892,000","143,599,000","136,554,000","131,452,000","87,268,000","83,969,000","67,196,000","121,179,000","78,635,000","105,443,000","57,808,000","118,008,000","78,673,000","84,807,000","49,261,000","129,995,000","74,718,000","47,313,000","56,162,000","72,702,000","81,026,000","71,271,000","92,946,000","125,470,000","103,420,000","92,962,000","90,439,000","131,509,000","92,569,000","76,551,000","80,641,000","106,572,000","78,553,000","65,610,000","62,339,000","115,624,000","95,248,000","57,664,000","57,730,000","91,939,000","72,248,000","77,548,000","51,844,000","84,155,000","59,937,000","43,338,000","57,782,000","80,919,000","69,425,000","68,140,000","67,765,000","74,809,000","54,864,000","64,533,000","66,038,000","73,575,000","54,699,000","46,591,000","47,007,000","71,696,000","67,077,000","64,970,000","63,939,000","76,726,000","75,768,000","73,422,000","87,545,000","117,047,000","115,836,000","99,618,000","90,293,000","89,967,000","82,900,000","76,600,000","85,700,000","82,000,000","81,800,000","45,700,000","52,900,000","57,700,000","53,700,000","46,300,000","41,200,000","40,700,000","37,000,000","29,800,000","27,400,000","25,200,000","21,000,000","14,600,000","12,200,000","17,200,000","23,100,000","20,700,000","19,400,000","17,800,000","16,200,000","13,700,000","12,900,000","11,300,000","11,200,000","9,100,000","7,800,000","8,300,000","6,900,000","5,900,000","5,000,000","5,500,000","5,100,000","3,900,000","4,200,000","-1,300,000","3,900,000","4,500,000","4,000,000","-161,300,000","62,400,000","54,700,000","58,100,000","-93,500,000","37,200,000","31,100,000","33,300,000","-43,200,000","21,200,000","13,900,000","12,300,000","-24,100,000","10,200,000"
TaxRateForCalcs,"0.227","0.236","0.221","0.214","0.231","0.12","0.02","0.068","0.21","0.27","0.321","0.367","0.311","0.113","0.293","0.321","0.305","0.29","0.319","0.302","0.326","0.148","0.311","0.341","0.35","0.35","0.351","0.361","0.35","0.35","0.255","0.3","0.3","0.234","0.292","0.27","0.266","0.254","0.3","0.302","0.277","0.182","0.273","0.257","0.237","0.317","0.373","0.361","0.35","0.246","0.323","0.35","0.35","0.301","0.4","0.4","0.4","0.367","0.377","0.4","0.3","0.131","0.3","0.3","0.3","0.31","0.31","0.297","0.32","0.4","0.33","0.33","0.33","0.34","0.34","0.34","0.34","0.35","0.351","0.351","0.351","0.355","0.36","0.361","0.381","0.367","0.371","0.374","0.374","0.352","0.378","0.38","0.375","0.388","0.393","0.391","0.395","0.391","0.397","0.4","0.4","0.383","0.4","0.392","0.395","0.397","0.4","0.381","0.396","0.38","0.385","0.384","0.391","0.379","0.365","0.375","0.375","0.371","0.375","0.381","0.368","0.387","0.4","0.387","0.387",,,,,,,,,,,,,,
TaxEffectOfUnusualItems,"-5,449,589","-2,265,136.141","-719,797","-1,114,726","-1,371,909","-8,212,444.176","-260,820","-91,528","-6,354,600","-9,272,070","-9,549,108","-536,554","-9,136,558","-1,572,835.516","-3,813,395","551,157","135,115","10,232,664.78","914,573","6,454,646","12,436,248","-197,111.409","1,573,349","0","0","-4,280,150","2,785,185","0","0","0","0","0","0","-6,411,325.768","-125,067.172","57,238.625","-177,155.839","-175,424.706","-36,624.53","28,415.392","76,586.57","-266,785.145","-262,152.59","48,923.459","-496,681.972","-1,799,931.58","-8,987,064.44","-655,219.982","-452,550","-938,824.265","286,130.628","-7,542,150","-3,278,100","-1,560,373.005","-3,322,800","-59,841,200","-3,700,800","-3,421,251.009","-2,616,672.564","-8,564,000","-173,974.565","61,033.157","543,316.764","-239,112.731","443,679.093","203,034.787","119,069.767","-729,692.421","77,717.945","-133,662,000","-325,049.598","1,193,183.944","1,268,408.588","236,944.439","-2,354,166.412","-6,888,083.235","-126,478.456","1,526,303.595","-530,696.075","85,229.698","278,763.892","-160,901.682","144,186.047","-144,347.826","-1,826,548.673","1,175,736.568","0","4,676,418.44","0","0","0","0","0","0","0","0","0","0","0","0","0","0","0","0","0","0","0","0","0","0","0","0","0","0","0","0","0","0","0","0","0","0","0","0","0",,,,,,,,,,,,,,