name,ttm,12/31/2019,12/31/2018,12/31/2017,12/31/2016,12/31/2015,12/31/2014,12/31/2013,12/31/2012,12/31/2011,12/31/2010,12/31/2009,12/31/2008,12/31/2007,12/31/2006,12/31/2005,12/31/2004,12/31/2003,12/31/2002,12/31/2001,12/31/2000,12/31/1999,12/31/1998,12/31/1997,12/31/1996,12/31/1995,12/31/1994,12/31/1993
TotalRevenue,"11,205,000,000","11,934,000,000","12,564,000,000","12,048,000,000","9,300,000,000","8,259,000,000","8,599,000,000","9,382,000,000","10,343,000,000","11,514,000,000","9,339,000,000","7,674,000,000","6,903,836,814","6,371,039,825","6,538,909,599","4,415,000,000","3,428,000,000","2,410,000,000","2,187,000,000","2,379,000,000","1,206,000,000","622,100,000","695,400,000","688,000,000","702,300,000","698,800,000","542,200,000","469,000,000"
	OperatingRevenue,"11,205,000,000","11,934,000,000","12,564,000,000","12,048,000,000","9,300,000,000","8,259,000,000","8,599,000,000","9,382,000,000","10,343,000,000","11,514,000,000","9,339,000,000","7,674,000,000","6,903,836,814","6,371,039,825","6,538,909,599","4,415,000,000","3,428,000,000","2,410,000,000","2,187,000,000","2,379,000,000","1,206,000,000","622,100,000","695,400,000","688,000,000","702,300,000","698,800,000","542,200,000","469,000,000"
CostOfRevenue,"8,509,000,000","8,594,000,000","7,943,000,000","7,419,000,000","6,904,000,000","6,980,000,000","7,071,000,000","6,956,000,000","7,277,000,000","6,637,000,000","5,784,000,000","4,940,000,000","4,009,227,780","3,300,228,424","2,714,352,283","2,135,000,000","2,029,000,000","1,887,000,000","1,805,000,000","1,751,000,000","833,000,000","451,400,000","501,900,000","487,600,000","475,900,000","457,300,000","357,300,000","301,400,000"
GrossProfit,"2,696,000,000","3,340,000,000","4,621,000,000","4,629,000,000","2,396,000,000","1,279,000,000","1,528,000,000","2,426,000,000","3,066,000,000","4,877,000,000","3,555,000,000","2,734,000,000","2,894,609,034","3,070,811,401","3,824,557,316","2,280,000,000","1,399,000,000","523,000,000","382,000,000","628,000,000","373,000,000","170,700,000","193,500,000","200,400,000","226,400,000","241,500,000","184,900,000","167,600,000"
OperatingExpense,"883,000,000","891,000,000","728,000,000","541,000,000","496,000,000","713,000,000","505,000,000","489,000,000","379,000,000","632,000,000","340,000,000","236,000,000","1,499,514,327","332,704,340","263,280,522","446,000,000","399,000,000","321,000,000","305,000,000","358,000,000","202,000,000","141,100,000","140,900,000","146,500,000","140,500,000","125,500,000","91,900,000","78,400,000"
	OperationAndMaintenance,"42,000,000","36,000,000","31,000,000","186,000,000","144,000,000","49,000,000","22,000,000","10,000,000",,,,,,,,,,,,,,,,,,,,
	SellingGeneralAndAdministration,"110,000,000","165,000,000","201,000,000","241,000,000","270,000,000","121,000,000","131,000,000","151,000,000","170,000,000","146,000,000","263,000,000","188,000,000","111,704,711","141,026,914","113,000,932","102,000,000","82,000,000","68,000,000","72,000,000","73,000,000","44,000,000","17,600,000","14,600,000","14,000,000","15,200,000","12,100,000","10,300,000","8,800,000"
		GeneralAndAdministrativeExpense,"110,000,000","165,000,000","201,000,000","241,000,000","270,000,000","121,000,000","131,000,000","151,000,000","170,000,000","146,000,000",,,,,,,,,,,,,,,,,,
			SalariesAndWages,"18,000,000","4,000,000","59,000,000","125,000,000","171,000,000","13,000,000","12,000,000","22,000,000","34,000,000","21,000,000",,,,,,,,,,,,,,,,,,
			OtherGandA,"152,000,000","161,000,000","142,000,000","116,000,000","99,000,000","108,000,000","119,000,000","129,000,000","136,000,000","125,000,000",,,,,,,,,,,,,,,,,,
	ResearchAndDevelopment,"79,000,000","67,000,000","35,000,000","55,000,000","30,000,000","47,000,000","20,000,000","18,000,000","19,000,000","17,000,000","21,000,000","15,000,000",,,,,,,,,,,,,,,,
	DepreciationAmortizationDepletionIncomeStatement,,,,,,,,,,,"940,000,000",,"513,598,834","332,704,340","264,445,480","274,000,000","275,000,000","223,000,000","199,000,000","226,000,000","126,000,000","96,200,000","96,300,000","93,800,000","89,400,000","79,900,000","54,700,000","50,200,000"
		DepreciationAndAmortizationInIncomeStatement,,,,,,,,,,,"940,000,000",,"513,598,834","332,704,340","264,445,480","274,000,000","275,000,000","223,000,000","199,000,000","226,000,000","126,000,000","96,200,000","96,300,000","93,800,000","89,400,000","79,900,000","54,700,000","50,200,000"
	OtherOperatingExpenses,"652,000,000","623,000,000","461,000,000","59,000,000","52,000,000","496,000,000","332,000,000","310,000,000","190,000,000","761,000,000","56,000,000","33,000,000","874,210,782","-141,026,914","-114,165,890","70,000,000","42,000,000","30,000,000","34,000,000","59,000,000","32,000,000","27,300,000","30,000,000","38,700,000","35,900,000","33,500,000","26,900,000","19,400,000"
OperatingIncome,"1,813,000,000","2,449,000,000","3,893,000,000","4,088,000,000","1,900,000,000","566,000,000","1,023,000,000","1,937,000,000","2,687,000,000","4,245,000,000","3,215,000,000","2,498,000,000","1,395,094,707","2,738,107,061","3,561,276,794","1,834,000,000","1,000,000,000","202,000,000","77,000,000","270,000,000","171,000,000","29,600,000","52,600,000","53,900,000","85,900,000","116,000,000","93,000,000","89,200,000"
NetNonOperatingInterestIncomeExpense,"-144,000,000","-154,000,000","-151,000,000","-148,000,000","-299,000,000","-257,000,000","-234,000,000","-270,000,000","-409,000,000","-482,000,000","-559,000,000","-647,000,000",,,,,,,,,,,,,,,,
	InterestIncomeNonOperating,,"48,000,000",,"17,000,000","16,000,000","5,000,000","4,000,000","13,000,000","135,000,000","113,000,000","6,000,000","8,000,000",,,,,,,,,,,,,,,,
	InterestExpenseNonOperating,"66,000,000","88,000,000","75,000,000","64,000,000","224,000,000","225,000,000","217,000,000","253,000,000","397,000,000","595,000,000","565,000,000","655,000,000",,,,,,,,,,,,,,,,
	TotalOtherFinanceCost,"71,000,000","66,000,000","76,000,000","84,000,000","75,000,000","32,000,000","17,000,000","17,000,000","12,000,000",,,,,,,,,,,,,,,,,,,
OtherIncomeExpense,"-3,500,000,000","-2,763,000,000","768,000,000","36,000,000","27,000,000","-3,629,000,000","-65,000,000","-24,000,000","-793,000,000","403,000,000","861,000,000","789,000,000","-592,520,641","-80,444,930","178,238,583","155,000,000","-41,000,000","72,000,000","24,000,000","-108,000,000","55,000,000","49,800,000","-77,100,000","-266,400,000","330,200,000","41,600,000","23,300,000","-15,800,000"
	GainOnSaleOfSecurity,"59,000,000","166,000,000","-29,000,000","94,000,000","241,000,000","-75,000,000","-12,000,000","43,000,000","259,000,000","7,000,000",,,,,,,,,,,,,,,,,,
	EarningsFromEquityInterest,"-7,000,000","-3,000,000","-3,000,000","6,000,000","2,000,000","-2,000,000","-3,000,000","-2,000,000","-10,000,000","-5,000,000",,,"21,855,270","-4,965,736",,,,"10,000,000","17,000,000","-1,000,000",,,,,,,,
	SpecialIncomeCharges,"-3,592,000,000","-2,952,000,000","800,000,000","-64,000,000","-216,000,000","-3,552,000,000","-46,000,000","-63,000,000","-941,000,000","401,000,000","861,000,000","789,000,000","-614,375,911","-75,479,194","178,238,583","155,000,000","-41,000,000","62,000,000","7,000,000","-107,000,000","55,000,000","49,800,000","-77,100,000","-266,400,000","330,200,000","41,600,000","23,300,000","-15,800,000"
		RestructuringAndMergernAcquisition,,,,"11,000,000","8,000,000","22,000,000","11,000,000",,,,,,,,,,,,,,,,,,,,,
		ImpairmentOfCapitalAssets,"3,337,000,000","2,690,000,000","41,000,000","163,000,000","294,000,000","3,631,000,000","18,000,000",,"0",,"0","27,000,000",,,,,,,,,,,,,,,,
		WriteOff,,,,,,,,,,"92,000,000",,,,,,,,,,"169,000,000",,"41,500,000","94,000,000","321,500,000","287,300,000",,,
		OtherSpecialCharges,"241,000,000","242,000,000","-844,000,000","251,000,000","-24,000,000","-27,000,000","15,000,000","30,000,000","965,000,000","-493,000,000","-861,000,000","-816,000,000",,,,,,,,"-62,000,000",,"-91,300,000","-16,900,000","-55,100,000","-42,900,000",,,
		GainOnSaleOfBusiness,,,,,,,,,,"-5,000,000",,,,,,,,,,,,,,,,,,
		GainOnSaleOfPPE,"-14,000,000","-20,000,000","-3,000,000","35,000,000","62,000,000","74,000,000","-2,000,000","-33,000,000","24,000,000",,,,,,,,,,,,,,,,,,,
	OtherNonOperatingIncomeExpenses,,"26,000,000",,,,,"-4,000,000","-2,000,000","-101,000,000",,,,,,,,,,,,,,,,,,,
PretaxIncome,"-1,831,000,000","-468,000,000","4,510,000,000","3,976,000,000","1,628,000,000","-3,320,000,000","724,000,000","1,643,000,000","1,485,000,000","4,166,000,000","2,915,000,000","2,640,000,000","1,395,094,706","2,507,696,891","3,610,205,033","1,920,000,000","899,000,000","210,000,000","35,000,000","35,000,000","126,000,000","29,200,000","-70,300,000","-254,700,000","382,200,000","126,600,000","103,900,000","68,200,000"
TaxProvision,"-288,000,000","120,000,000","1,365,000,000","1,438,000,000","587,000,000","-836,000,000","342,000,000","633,000,000","615,000,000","1,398,000,000","932,000,000","695,000,000","658,086,450","794,517,827","1,215,051,258","575,000,000","305,000,000","61,000,000","5,000,000","56,000,000","41,000,000","-16,000,000","-21,200,000","-79,100,000","127,400,000","37,000,000","34,800,000","39,000,000"
EarningsFromEquityInterestNetOfTax,,,,,,,,,,,"-8,000,000","-126,000,000",,,,,,,,,,,,,,,,
NetIncomeCommonStockholders,"-1,547,000,000","-605,000,000","3,107,000,000","2,509,000,000","1,040,000,000","-2,474,000,000","362,000,000","961,000,000","811,000,000","2,668,000,000","1,860,000,000","1,831,000,000","659,300,631","1,614,857,483","2,431,267,474","1,345,000,000","617,000,000","149,000,000","30,000,000","-21,000,000","85,000,000","45,200,000","-49,100,000","-175,600,000","254,800,000","89,600,000","69,100,000","29,200,000"
	NetIncome,"-1,547,000,000","-605,000,000","3,107,000,000","2,509,000,000","1,040,000,000","-2,474,000,000","362,000,000","961,000,000","811,000,000","2,668,000,000","1,860,000,000","1,831,000,000","659,300,631","1,614,857,483","2,431,267,474","1,345,000,000","617,000,000","149,000,000","30,000,000","-21,000,000","85,000,000","45,200,000","-49,100,000","-175,600,000","254,800,000","89,600,000","69,100,000","29,200,000"
		NetIncomeIncludingNoncontrollingInterests,"-1,543,000,000","-588,000,000","3,145,000,000","2,538,000,000","1,041,000,000","-2,484,000,000","382,000,000","1,010,000,000","870,000,000","2,768,000,000","1,975,000,000","1,945,000,000","741,864,983","1,661,535,405","2,463,886,300","1,345,000,000","626,000,000","149,000,000","29,000,000","29,000,000","128,000,000","50,300,000","-47,600,000","-175,600,000","254,800,000","89,600,000","69,100,000","29,200,000"
			NetIncomeContinuousOperations,"-1,543,000,000","-588,000,000","3,145,000,000","2,538,000,000","1,041,000,000","-2,484,000,000","382,000,000","1,010,000,000","870,000,000","2,768,000,000","1,975,000,000","1,750,000,000","677,513,356","1,660,542,258","2,395,153,774","1,345,000,000","594,000,000","149,000,000","30,000,000","-21,000,000","85,000,000","45,200,000","-49,100,000","-175,600,000","254,800,000","89,600,000","69,100,000","29,200,000"
			NetIncomeDiscontinuousOperations,,,,,,,,,,,"0","81,000,000","-18,212,725","-45,684,775","36,113,700",,"23,000,000",,,,,,,,,,,
			NetIncomeFromTaxLossCarryforward,,,,,,,,,,,,"114,000,000",,,,,,,,,,,,,,,,
		MinorityInterests,"-4,000,000","-17,000,000","-38,000,000","-29,000,000","-1,000,000","10,000,000","-20,000,000","-49,000,000","-59,000,000","-100,000,000","-115,000,000","-69,000,000","-82,564,352","-46,677,922","-32,618,826",,"-9,000,000",,"1,000,000","-50,000,000","-43,000,000","-5,100,000","-1,500,000",,,,,
DilutedNIAvailtoComStockholders,"-1,547,000,000","-605,000,000","3,107,000,000","2,509,000,000","1,040,000,000","-2,474,000,000","362,000,000","961,000,000","811,000,000","2,668,000,000","1,860,000,000","1,831,000,000","659,300,631","1,614,857,483","2,431,267,474","1,345,000,000","617,000,000","149,000,000","30,000,000","-21,000,000","85,000,000","45,200,000","-49,100,000","-175,600,000","254,800,000","89,600,000","69,100,000","29,200,000"
BasicEPS,,"-1.08","5.41","4.34","1.8","-4.29","0.63","1.66","1.39","4.52","3.15","3.43","1.46","3.74","5.765","3.31","1.59","0.395","0.075","-0.085","0.385","0.93","-0.255","-0.905","1.325","0.485","0.385","0.175"
DilutedEPS,,"-1.08","5.34","4.28","1.78","-4.29","0.63","1.66","1.38","4.5","3.14","3.42","1.45","3.72","5.6","3.11","1.495","0.38","0.075","-0.085","0.385","0.93","-0.255","-0.905","1.26","0.485","0.385","0.175"
BasicAverageShares,,"559,800,000","573,900,000","577,500,000","576,400,000","576,200,000","576,200,000","578,300,000","585,500,000","590,400,000","589,500,000","589,100,000","452,100,000","431,500,000","421,200,000","405,000,000","385,986,000","369,646,000","400,000,000","216,666,667","220,779,221","120,000,000","192,549,020","194,033,149","192,301,887","184,742,268","179,480,519","166,857,143"
DilutedAverageShares,,"559,800,000","582,100,000","586,214,953","576,900,000","576,200,000","576,200,000","578,300,000","587,681,159","592,888,889","590,600,000","589,100,000","454,690,090","434,101,474","434,154,906","432,475,884","412,709,030","392,105,263","400,000,000","232,835,821","224,294,737","120,000,000","192,549,020","194,033,149","202,222,222","184,742,268","179,480,519","166,857,143"
TotalOperatingIncomeAsReported,"-1,463,000,000","-150,000,000","4,784,000,000","4,333,000,000","1,725,000,000","-2,918,000,000","1,048,000,000","1,977,000,000","2,785,000,000","4,456,000,000",,,"1,395,094,706","2,738,107,061","3,561,276,794","1,560,000,000","725,000,000","-16,000,000","77,000,000","101,000,000","171,000,000","-11,900,000","-41,400,000","-267,600,000","373,200,000","116,000,000","93,000,000","89,200,000"
TotalExpenses,"9,392,000,000","9,485,000,000","8,671,000,000","7,960,000,000","7,400,000,000","7,693,000,000","7,576,000,000","7,445,000,000","7,656,000,000","7,269,000,000","6,124,000,000","5,176,000,000","5,508,742,107","3,632,932,764","2,977,632,805","2,581,000,000","2,428,000,000","2,208,000,000","2,110,000,000","2,109,000,000","1,035,000,000","592,500,000","642,800,000","634,100,000","616,400,000","582,800,000","449,200,000","379,800,000"
InterestIncome,,"48,000,000",,"17,000,000","16,000,000","5,000,000","4,000,000","13,000,000","135,000,000","113,000,000","6,000,000","8,000,000",,,,,,,,,,,,,,,,
InterestExpense,"66,000,000","88,000,000","75,000,000","64,000,000","224,000,000","225,000,000","217,000,000","253,000,000","397,000,000","595,000,000","565,000,000","655,000,000",,,,,,,,,,,,,,,,
NetInterestIncome,"-144,000,000","-154,000,000","-151,000,000","-148,000,000","-299,000,000","-257,000,000","-234,000,000","-270,000,000","-409,000,000","-482,000,000","-559,000,000","-647,000,000",,,,,,,,,,,,,,,,
NetIncomeFromContinuingAndDiscontinuedOperation,"-1,547,000,000","-605,000,000","3,107,000,000","2,509,000,000","1,040,000,000","-2,474,000,000","362,000,000","961,000,000","811,000,000","2,668,000,000","1,860,000,000","1,717,000,000","659,300,631","1,614,857,483","2,431,267,474","1,345,000,000","617,000,000","149,000,000","30,000,000","-21,000,000","85,000,000","45,200,000","-49,100,000","-175,600,000","254,800,000","89,600,000","69,100,000","29,200,000"
NormalizedIncome,"1,430,290,551.611","1,442,710,000","2,569,351,441.242","2,489,850,100.604","1,024,014,127.764","239,695,180.723","397,380,000","973,294,583.08","1,322,500,000","2,396,914,066.251","1,274,283,704.974","1,054,710,227.273","1,110,648,373.255","1,712,107,251.916","2,276,903,200.689","1,236,419,270.833","621,090,100.111","105,009,523.81","24,000,000","43,200,000","47,896,825.397","15,320,000","4,749,359.886","8,066,431.095","34,666,666.667","60,157,977.883","53,604,042.348","38,680,000"
EBIT,"-1,765,000,000","-380,000,000","4,585,000,000","4,040,000,000","1,852,000,000","-3,095,000,000","941,000,000","1,896,000,000","1,882,000,000","4,761,000,000","3,480,000,000","3,295,000,000","1,395,094,707","2,738,107,061","3,561,276,794","1,834,000,000","1,000,000,000","202,000,000","77,000,000","270,000,000","171,000,000","29,600,000","52,600,000","53,900,000","85,900,000","116,000,000","93,000,000","89,200,000"
EBITDA,"-141,000,000"
ReconciledCostOfRevenue,"8,509,000,000","8,594,000,000","7,943,000,000","7,419,000,000","6,904,000,000","6,980,000,000","7,071,000,000","6,956,000,000","7,277,000,000","6,637,000,000","5,784,000,000","4,940,000,000","4,009,227,780","3,300,228,424","2,714,352,283","2,135,000,000","2,029,000,000","1,892,000,000","1,805,000,000","1,751,000,000","833,000,000","451,400,000","501,900,000","487,600,000","475,900,000","457,300,000","357,300,000","301,400,000"
ReconciledDepreciation,"1,624,000,000","1,619,000,000","1,483,000,000","1,467,000,000","1,385,000,000","1,366,000,000","1,344,000,000","1,233,000,000","951,000,000","911,000,000","940,000,000","928,000,000","513,598,834","332,704,340","264,445,480","274,000,000","275,000,000","218,000,000","199,000,000","226,000,000","126,000,000","96,200,000","96,300,000","93,800,000","89,400,000","79,900,000","54,700,000","50,200,000"
NetIncomeFromContinuingOperationNetMinorityInterest,"-1,547,000,000","-605,000,000","3,107,000,000","2,509,000,000","1,040,000,000","-2,474,000,000","362,000,000","961,000,000","811,000,000","2,668,000,000","1,860,000,000","1,636,000,000","677,513,356","1,660,542,258","2,395,153,774","1,345,000,000","594,000,000","149,000,000","30,000,000","-21,000,000","85,000,000","45,200,000","-49,100,000","-175,600,000","254,800,000","89,600,000","69,100,000","29,200,000"
TotalUnusualItemsExcludingGoodwill,"-3,533,000,000","-2,786,000,000","771,000,000","30,000,000","25,000,000","-3,627,000,000","-58,000,000","-20,000,000","-682,000,000","408,000,000","861,000,000","789,000,000","-614,375,911","-75,479,194","178,238,583","155,000,000","-41,000,000","62,000,000","7,000,000","-107,000,000","55,000,000","49,800,000","-77,100,000","-266,400,000","330,200,000","41,600,000","23,300,000","-15,800,000"
TotalUnusualItems,"-3,533,000,000","-2,786,000,000","771,000,000","30,000,000","25,000,000","-3,627,000,000","-58,000,000","-20,000,000","-682,000,000","408,000,000","861,000,000","789,000,000","-614,375,911","-75,479,194","178,238,583","155,000,000","-41,000,000","62,000,000","7,000,000","-107,000,000","55,000,000","49,800,000","-77,100,000","-266,400,000","330,200,000","41,600,000","23,300,000","-15,800,000"
NormalizedEBITDA,"3,392,000,000","4,025,000,000","5,297,000,000","5,477,000,000","3,212,000,000","1,898,000,000","2,343,000,000","3,149,000,000","3,515,000,000","5,264,000,000","3,559,000,000","3,434,000,000","2,523,069,452","3,146,290,595","3,647,483,691","1,953,000,000","1,316,000,000","363,000,000","269,000,000","603,000,000","242,000,000","76,000,000","226,000,000","414,100,000","-154,900,000","154,300,000","124,400,000","155,200,000"
TaxRateForCalcs,"0.157","0.265","0.303","0.362","0.361","0.252","0.39","0.385","0.25","0.336","0.32","0.263","0.295","0.317","0.337","0.299","0.339","0.29","0.143","0.4","0.325","0.4","0.302","0.311","0.333","0.292","0.335","0.4"
TaxEffectOfUnusualItems,"-555,709,448.389","-738,290,000","233,351,441.242","10,850,100.604","9,014,127.764","-913,304,819.277","-22,620,000","-7,705,416.92","-170,500,000","136,914,066.251","275,283,704.974","207,710,227.273","-181,240,893.745","-23,914,200.084","59,988,009.689","46,419,270.833","-13,909,899.889","18,009,523.81","1,000,000","-42,800,000","17,896,825.397","19,920,000","-23,250,640.114","-82,733,568.905","110,066,666.667","12,157,977.883","7,804,042.348","-6,320,000"