name,ttm,12/31/2019,12/31/2018,12/31/2017,12/31/2016,12/31/2015,12/31/2014,12/31/2013,12/31/2012,12/31/2011,12/31/2010,12/31/2009,12/31/2008,12/31/2007,12/31/2006,12/31/2005,12/31/2004,12/31/2003,12/31/2002,12/31/2001,12/31/2000,12/31/1999,12/31/1998,12/31/1997,12/31/1996,12/31/1995,12/31/1994,12/31/1993,12/31/1992,12/31/1991,12/31/1990,12/31/1989,12/31/1988,12/31/1987,12/31/1986,12/31/1985
TotalRevenue,"15,121,000,000","12,445,000,000","11,450,000,000","11,187,000,000","10,840,000,000","9,714,000,000","9,159,000,000","9,591,000,000","9,712,000,000","8,620,000,000","9,277,000,000","8,778,000,000","7,435,000,000","6,654,000,000","6,229,000,000","5,850,495,000","5,467,494,000","4,971,140,000","4,439,935,000","3,813,176,000","2,794,650,000","2,343,100,000","1,775,400,000","1,574,400,000","1,125,900,000","967,900,000","405,700,000","291,000,000","236,500,000","190,700,000","166,100,000","147,800,000",,,,
	NetInterestIncome,"9,267,000,000","7,313,000,000","6,682,000,000","6,535,000,000","6,321,000,000","5,592,000,000","5,374,000,000","5,616,000,000","5,857,000,000","5,507,000,000","5,320,000,000","4,844,000,000","4,201,000,000","3,880,000,000","3,708,000,000","3,524,873,000","3,348,223,000","3,082,005,000","2,747,460,000","2,434,485,000","2,017,628,000","1,581,700,000","1,247,400,000","1,099,500,000","828,500,000","741,500,000","322,700,000","224,700,000","193,400,000","151,400,000","132,100,000","116,300,000",,,,
		InterestIncome,"11,662,000,000","9,409,000,000","8,120,000,000","7,374,000,000","7,066,000,000","6,327,000,000","6,142,000,000","6,507,000,000","6,917,000,000","6,885,000,000","7,115,000,000","6,884,000,000","7,170,000,000","7,894,000,000","6,893,000,000","5,505,842,000","4,546,695,000","4,354,792,000","4,434,044,000","4,849,538,000","4,339,674,000","3,115,800,000","2,481,200,000","2,122,900,000","1,606,600,000","1,548,200,000","578,400,000","371,700,000","338,600,000","323,300,000","323,500,000","299,800,000",,,,
			InterestIncomeFromLoansAndLease,"9,919,000,000","7,982,000,000","6,894,000,000","6,230,000,000","5,985,000,000","5,347,000,000","5,163,000,000","5,603,000,000","5,980,000,000","6,119,000,000","6,080,000,000","5,547,000,000","6,003,000,000","6,713,000,000","5,941,000,000","4,684,479,000","3,851,147,000","3,591,402,000","3,468,386,000","3,807,930,000","3,463,281,000","2,429,800,000","1,980,100,000","1,713,300,000","1,282,500,000","1,233,200,000","423,500,000","263,500,000","244,200,000","250,800,000","251,900,000","238,600,000",,,,
				InterestIncomeFromLoans,,,,,,,,,,,,,,"6,713,000,000","5,941,000,000","4,684,479,000","3,851,147,000","3,591,402,000","3,468,386,000","3,807,930,000","3,463,281,000","2,429,800,000","1,980,100,000","1,713,300,000","1,282,500,000","1,233,200,000","423,500,000","263,500,000","244,200,000","250,800,000","251,900,000","238,600,000",,,,
			InterestIncomeFromSecurities,"1,511,000,000","1,319,000,000","1,160,000,000","1,092,000,000","1,029,000,000","941,000,000","939,000,000","871,000,000","907,000,000","747,000,000","1,019,000,000","1,330,000,000","1,167,000,000","1,181,000,000","952,000,000","821,363,000","695,548,000","763,390,000","965,658,000","1,041,608,000","876,393,000","686,000,000","501,100,000","409,600,000","324,100,000","314,900,000","155,000,000","108,100,000","94,400,000","70,200,000","69,500,000","59,800,000",,,,
			InterestIncomeFromDeposits,,,,,,,,,,"19,000,000","16,000,000","7,000,000",,,,,,,,,,,,,,,,,,,,,,,,
			InterestIncomeFromFederalFundsSoldAndSecuritiesPurchaseUnderAgreementsToResell,,,,,,,,,,,,,,,,,,,,,,,,,,,,,,"2,300,000",,,,,,
			OtherInterestIncome,"232,000,000","108,000,000","66,000,000","52,000,000","52,000,000","39,000,000","40,000,000","33,000,000","30,000,000","19,000,000",,"7,000,000",,,,,,,,,,,,,,"100,000","-100,000","100,000",,,"2,100,000","1,400,000",,,,
		InterestExpense,"2,395,000,000","2,096,000,000","1,438,000,000","839,000,000","745,000,000","735,000,000","768,000,000","891,000,000","1,060,000,000","1,378,000,000","1,795,000,000","2,040,000,000","2,969,000,000","4,014,000,000","3,185,000,000","1,980,969,000","1,198,472,000","1,272,787,000","1,686,584,000","2,415,053,000","2,322,046,000","1,534,100,000","1,233,800,000","1,023,400,000","778,100,000","806,700,000","255,700,000","147,000,000","145,200,000","171,900,000","191,400,000","183,500,000",,,,
			InterestExpenseForDeposit,"1,269,000,000","1,101,000,000","644,000,000","344,000,000","251,000,000","233,000,000","239,000,000","301,000,000","429,000,000","610,000,000","917,000,000","1,271,000,000","1,891,000,000","2,620,000,000","2,137,000,000","1,251,834,000","729,660,000","755,677,000","1,003,058,000","1,568,837,000","1,480,276,000","961,000,000","809,100,000","736,300,000","564,700,000","557,100,000","191,000,000","129,000,000","128,700,000","153,900,000","159,900,000","155,000,000",,,,
			InterestExpenseForShortTermDebt,,,"111,000,000","41,000,000","9,000,000","4,000,000","4,000,000","6,000,000",,,,,,,,"224,552,000","90,117,000","58,842,000","95,823,000","235,924,000","401,713,000","258,200,000","194,400,000","134,500,000","105,900,000","178,900,000","48,900,000","13,600,000","14,200,000","15,600,000","28,100,000","23,500,000",,,,
			InterestExpenseForLongTermDebtAndCapitalSecurities,"1,158,000,000","995,000,000","683,000,000","454,000,000","485,000,000","498,000,000","525,000,000","584,000,000","624,000,000","757,000,000","856,000,000","711,000,000","843,000,000","985,000,000","747,000,000","504,583,000","378,695,000","458,268,000","587,703,000","610,292,000","440,057,000","314,900,000","230,300,000","152,700,000","107,400,000","70,600,000","15,700,000","4,300,000","2,200,000","2,400,000","3,300,000","4,900,000",,,,
			InterestExpenseForFederalFundsSoldAndSecuritiesPurchaseUnderAgreementsToResell,,,,,,,,,"7,000,000","11,000,000","22,000,000","58,000,000","235,000,000","409,000,000","301,000,000",,,,,,,,,,,,,,,,,,,,,
			OtherInterestExpense,,,,,,,,,,,,"2,658,000,000",,,,,,,,,,,,"100,000","100,000","100,000","100,000","100,000","100,000",,"100,000","100,000",,,,
	NonInterestIncome,"5,854,000,000","5,132,000,000","4,768,000,000","4,652,000,000","4,519,000,000","4,122,000,000","3,785,000,000","3,975,000,000","3,855,000,000","3,113,000,000","3,957,000,000","3,934,000,000","3,234,000,000","2,774,000,000","2,521,000,000","2,325,622,000","2,119,271,000","1,889,135,000","1,692,475,000","1,378,691,000","777,022,000","761,400,000","528,000,000","474,900,000","297,400,000","226,400,000","83,000,000","66,300,000","43,100,000","39,300,000","34,000,000","31,500,000",,,,
		TotalPremiumsEarned,"2,256,000,000","2,201,000,000","1,968,000,000","1,876,000,000","1,836,000,000","1,709,000,000","1,753,000,000","1,630,000,000","1,475,000,000","1,166,000,000","1,164,000,000","1,144,000,000","1,012,000,000",,,,,,,,,,,,,,,,,,,,,,,
		FeesAndCommissions,"3,150,000,000","2,434,000,000","1,755,000,000","1,754,000,000","1,730,000,000","1,568,000,000","1,346,000,000","1,549,000,000","1,728,000,000","1,211,000,000","1,498,000,000","1,441,000,000","1,361,000,000","1,945,000,000","1,959,000,000","1,052,590,000","1,315,660,000","814,723,000","823,648,000","628,786,000","435,610,000","262,000,000","382,200,000","180,000,000","130,400,000","108,200,000","67,200,000","45,300,000","38,700,000","30,400,000","27,300,000","24,400,000",,,,
			FeesandCommissionIncome,"3,310,000,000","2,557,000,000","1,863,000,000","1,884,000,000","1,825,000,000","1,718,000,000","1,688,000,000","1,804,000,000","2,011,000,000","1,211,000,000","1,498,000,000","1,441,000,000","1,361,000,000","1,945,000,000","1,959,000,000","1,052,590,000","1,315,660,000","814,723,000","823,648,000","628,786,000","435,610,000","262,000,000","382,200,000","180,000,000","130,400,000","108,200,000","67,200,000","45,300,000","38,700,000","30,400,000","27,300,000","24,400,000",,,,
				ServiceChargeOnDepositorAccounts,"1,714,000,000","1,287,000,000","1,070,000,000","1,121,000,000","1,127,000,000","1,086,000,000","995,000,000","1,149,000,000","1,406,000,000","563,000,000","618,000,000","690,000,000","673,000,000","611,000,000","548,000,000","542,655,000","523,319,000","437,524,000","402,476,000","349,758,000","264,084,000","206,600,000","170,800,000","148,000,000","107,600,000","89,600,000","35,200,000","25,800,000","24,000,000","21,600,000","19,100,000","16,700,000",,,,
				TrustFeesbyCommissions,"979,000,000","715,000,000","285,000,000","278,000,000","266,000,000","240,000,000","221,000,000","200,000,000","184,000,000","173,000,000","159,000,000","139,000,000","147,000,000","162,000,000","154,000,000","140,630,000","119,479,000","113,227,000","210,586,000","90,898,000","76,016,000","55,400,000","36,900,000","32,000,000","22,800,000","18,600,000","32,000,000","19,500,000",,"8,800,000","8,200,000","7,700,000",,,,
				CreditCard,"617,000,000","555,000,000","508,000,000","485,000,000","432,000,000","392,000,000","472,000,000","455,000,000","421,000,000","204,000,000","177,000,000","156,000,000","151,000,000",,,,,,,,,,,,,,,,,,,,,,,
				OtherCustomerServices,,,,,,,,,,"271,000,000","544,000,000","456,000,000","390,000,000","1,172,000,000","1,257,000,000","369,305,000","672,862,000","263,972,000","210,586,000","188,130,000","95,510,000",,"174,500,000",,,,,,"14,700,000",,,,,,,
			FeesandCommissionExpense,"160,000,000","123,000,000","108,000,000","130,000,000","95,000,000","150,000,000","342,000,000","255,000,000","283,000,000",,,,,,,,,,,,,,,,,,,,,,,,,,,
		DividendIncome,,,,,,,,,,,,,"37,000,000",,,,,,,,,,,,,,,,,,,,,,,
		InvestmentBankingProfit,"251,000,000","244,000,000","477,000,000","410,000,000","408,000,000","398,000,000","387,000,000","383,000,000","365,000,000","769,000,000","873,000,000","1,004,000,000","629,000,000","458,000,000","425,000,000","289,647,000","264,789,000","245,361,000","172,829,000","174,589,000","103,086,000",,,,"34,400,000",,,,,,,,,,,
		GainLossonSaleofAssets,"-118,000,000","-116,000,000","3,000,000","-1,000,000","46,000,000","-3,000,000","-3,000,000","51,000,000","-12,000,000","62,000,000","554,000,000","199,000,000","107,000,000","-3,000,000","-73,000,000","113,000","6,133,000","107,078,000","170,100,000","122,213,000","-218,531,000","-5,100,000","7,800,000","2,300,000","3,200,000","-18,600,000","900,000","13,600,000",,"4,400,000","800,000","1,300,000",,,,
			GainOnSaleOfSecurity,"-118,000,000","-116,000,000","3,000,000","-1,000,000","46,000,000","-3,000,000","-3,000,000","51,000,000","-12,000,000","62,000,000","554,000,000","199,000,000","107,000,000","-3,000,000","-73,000,000","113,000","6,133,000","107,078,000","170,100,000","122,213,000","-218,531,000","-5,100,000","7,800,000","2,300,000","3,200,000",,,,,"4,400,000","800,000","1,300,000",,,,
			GainonSaleofInvestmentProperty,,,,,,,,,,,,,,,,,,,,,,,,,,"-18,600,000","900,000","13,600,000",,,,,,,,
		OtherNonInterestIncome,"315,000,000","369,000,000","565,000,000","613,000,000","499,000,000","450,000,000","302,000,000","362,000,000","299,000,000","-95,000,000","-132,000,000","146,000,000","88,000,000","374,000,000","210,000,000","983,272,000","532,689,000","721,973,000","525,898,000","453,103,000","456,857,000","504,500,000","138,000,000","292,600,000","129,400,000","136,800,000","14,900,000","7,400,000","4,400,000","4,500,000","5,900,000","5,800,000",,,,
CreditLossesProvision,"-1,353,000,000","-615,000,000","-566,000,000","-547,000,000","-572,000,000","-428,000,000","-251,000,000","-592,000,000","-1,057,000,000","-1,190,000,000","-2,638,000,000","-2,811,000,000","-1,445,000,000","-448,000,000","-240,000,000","-217,263,000","-249,269,000","-248,000,000","-263,700,000","-224,318,000","-127,431,000","-92,100,000","-80,300,000","-89,900,000","-53,700,000","-31,400,000","-7,200,000","-5,600,000","-14,400,000","-18,800,000","-21,300,000","-9,600,000",,,,
NonInterestExpense,"9,050,000,000","7,451,000,000","6,678,000,000","6,807,000,000","6,598,000,000","6,032,000,000","5,754,000,000","5,829,000,000","5,795,000,000","5,786,000,000","5,601,000,000","4,893,000,000","3,906,000,000","3,615,000,000","3,498,000,000","3,174,299,000","2,890,345,000","2,631,437,000","2,346,258,000","2,228,430,000","1,761,539,000","1,346,900,000","961,400,000","937,200,000","654,100,000","672,300,000","231,200,000","171,900,000","146,300,000","126,900,000","112,900,000","101,700,000",,,,
	OccupancyAndEquipment,"937,000,000","787,000,000","758,000,000","784,000,000","786,000,000","708,000,000","682,000,000","692,000,000","650,000,000","616,000,000","608,000,000","579,000,000","509,000,000","477,000,000","449,000,000","471,498,000","415,524,000","371,167,000","341,072,000","324,678,000","264,955,000","206,200,000","154,600,000","154,700,000","103,600,000","107,200,000","36,100,000","23,900,000","20,000,000","23,700,000","17,500,000","16,400,000",,,,
		NetOccupancyExpense,,"507,000,000",,,,,,,,,,,,,,,,,,,,,,,,,,,,,,,,,,
		Equipment,,"280,000,000",,,,,,,,,,,,,,,,,,,,,,,,,,,,,,,,,,
	ProfessionalExpenseAndContractServicesExpense,"649,000,000","433,000,000","138,000,000","123,000,000","102,000,000","130,000,000","139,000,000","189,000,000","156,000,000","174,000,000","334,000,000","262,000,000","200,000,000",,,,,,,,,,,,,,,,,,,,,,,
	SellingGeneralAndAdministration,"6,477,000,000","5,389,000,000","4,851,000,000","4,676,000,000","4,661,000,000","4,150,000,000","3,918,000,000","3,887,000,000","3,740,000,000","3,284,000,000","3,217,000,000","2,882,000,000","2,326,000,000","2,094,000,000","2,077,000,000","1,785,204,000","1,631,757,000","1,507,336,000","1,297,847,000","1,209,235,000","956,649,000","707,500,000","511,000,000","433,800,000","302,400,000","342,200,000","119,000,000","85,300,000","74,300,000","63,400,000","59,500,000","55,200,000",,,,
		GeneralAndAdministrativeExpense,"6,256,000,000","5,252,000,000","4,851,000,000","4,676,000,000","4,661,000,000","4,150,000,000","3,918,000,000","3,887,000,000","3,740,000,000","3,284,000,000","3,124,000,000","2,882,000,000","2,326,000,000","2,094,000,000","2,077,000,000","1,785,204,000","1,631,757,000","1,507,336,000","1,297,847,000","1,173,713,000","922,889,000","684,900,000","485,200,000","433,800,000","302,400,000","342,200,000","119,000,000","85,300,000","74,300,000","63,400,000","59,500,000","55,200,000",,,,
			SalariesAndWages,"5,718,000,000","4,833,000,000","4,313,000,000","4,121,000,000","3,964,000,000","3,469,000,000","3,180,000,000","3,293,000,000","3,125,000,000","2,727,000,000","2,616,000,000","2,517,000,000","2,201,000,000","2,094,000,000","2,077,000,000","1,785,204,000","1,631,757,000","1,507,336,000","1,297,847,000","1,173,713,000","922,889,000","684,900,000","485,200,000","433,800,000","302,400,000","342,200,000","119,000,000","85,300,000","74,300,000","63,400,000","59,500,000","55,200,000",,,,
			InsuranceAndClaims,,,,"0","142,000,000","253,000,000","343,000,000","293,000,000","318,000,000",,,,,,,,,,,,,,,,,,,,,,,,,,,
			OtherGandA,"538,000,000","419,000,000","538,000,000","555,000,000","555,000,000","428,000,000","395,000,000","301,000,000","297,000,000","557,000,000","508,000,000","365,000,000","125,000,000",,,,,,,,,,,,,,,,,,,,,,,
		SellingAndMarketingExpense,,"137,000,000",,,,,,,,,"93,000,000",,,,,,,,,"35,522,000","33,760,000","22,600,000","25,800,000",,,,,,,,,,,,,
	DepreciationAmortizationDepletionIncomeStatement,"504,000,000","300,000,000","131,000,000","142,000,000","150,000,000","105,000,000","91,000,000","106,000,000","110,000,000","99,000,000","122,000,000","114,000,000","100,000,000",,,,,,,,,,,,,,,,,,,,,,,
		DepreciationAndAmortizationInIncomeStatement,"504,000,000","300,000,000","131,000,000","142,000,000","150,000,000","105,000,000","91,000,000","106,000,000","110,000,000","99,000,000","122,000,000","114,000,000","100,000,000",,,,,,,,,,,,,,,,,,,,,,,
			DepreciationIncomeStatement,,"136,000,000",,,,,,,,,,,,,,,,,,,,,,,,,,,,,,,,,,
			Amortization,"297,000,000","164,000,000","131,000,000","142,000,000","150,000,000","105,000,000","91,000,000","106,000,000","110,000,000","99,000,000","122,000,000","114,000,000","100,000,000",,,,,,,,,,,,,,,,,,,,,,,
				AmortizationOfIntangiblesIncomeStatement,"297,000,000","164,000,000","131,000,000","142,000,000","150,000,000","105,000,000","91,000,000","106,000,000","110,000,000","99,000,000","122,000,000","114,000,000","100,000,000",,,,,,,,,,,,,,,,,,,,,,,
	OtherNonInterestExpense,"483,000,000","542,000,000","800,000,000","1,082,000,000","899,000,000","939,000,000","924,000,000","955,000,000","1,139,000,000","1,613,000,000","1,320,000,000","1,056,000,000","771,000,000","1,044,000,000","972,000,000","917,597,000","843,064,000","752,934,000","707,339,000","694,517,000","539,935,000","433,200,000","295,800,000","348,700,000","248,100,000","222,900,000","76,100,000","62,700,000","52,000,000","39,800,000","35,900,000","30,100,000",,,,
SpecialIncomeCharges,"-387,000,000","-360,000,000","-146,000,000","-507,000,000","-170,000,000","-337,000,000","-168,000,000","-46,000,000","-68,000,000","-16,000,000","-69,000,000","-38,000,000","-15,000,000","-21,000,000","-18,000,000","7,798,000","-5,518,000","-474,673,000","-39,280,000",,,,,,,,,,,,,,,,,
	RestructuringAndMergernAcquisition,"387,000,000","360,000,000","146,000,000","115,000,000","171,000,000","165,000,000","46,000,000","46,000,000","68,000,000","16,000,000","69,000,000","38,000,000","15,000,000","21,000,000","18,000,000","-10,741,000","5,518,000","89,775,000","39,280,000",,,,,,,,,,,,,,,,,
	LossonExtinguishmentofDebt,,"0","0","392,000,000","-1,000,000","172,000,000","122,000,000",,,,,,,,,,,,,,,,,,,,,,,,,,,,,
	OtherSpecialCharges,,,,,,,,,,,,,,,,"2,943,000",,"384,898,000",,,,,,,,,,,,,,,,,,
PretaxIncome,"4,331,000,000","4,019,000,000","4,060,000,000","3,326,000,000","3,500,000,000","2,917,000,000","2,986,000,000","3,124,000,000","2,792,000,000","1,628,000,000","969,000,000","1,036,000,000","2,069,000,000","2,570,000,000","2,473,000,000","2,466,731,000","2,322,362,000","1,617,030,000","1,790,697,000","1,360,428,000","905,680,000","904,000,000","733,700,000","547,400,000","418,200,000","264,200,000","167,200,000","113,500,000","75,700,000","45,000,000","31,900,000","36,600,000",,,,
TaxProvision,"829,000,000","782,000,000","803,000,000","911,000,000","1,058,000,000","794,000,000","760,000,000","1,395,000,000","764,000,000","296,000,000","115,000,000","159,000,000","550,000,000","836,000,000","945,000,000","812,962,000","763,987,000","552,127,000","497,468,000","386,790,000","279,238,000","291,200,000","231,900,000","187,500,000","134,500,000","86,100,000","57,600,000","37,900,000","25,600,000","14,200,000","9,000,000","10,900,000",,,,
NetIncomeCommonStockholders,"3,265,000,000","3,028,000,000","3,063,000,000","2,220,000,000","2,259,000,000","1,936,000,000","2,003,000,000","1,562,000,000","1,916,000,000","1,289,000,000","816,000,000","729,000,000","1,498,000,000","1,734,000,000","1,528,000,000","1,653,769,000","1,558,375,000","1,064,903,000","1,303,009,000","973,638,000","626,442,000","612,800,000","501,800,000","359,900,000","283,100,000","173,000,000","105,700,000","74,000,000","45,500,000","30,800,000","22,900,000","25,700,000","21,600,000","18,000,000","14,900,000","10,300,000"
	NetIncome,"3,492,000,000","3,224,000,000","3,237,000,000","2,394,000,000","2,426,000,000","2,084,000,000","2,151,000,000","1,679,000,000","1,979,000,000","1,289,000,000","816,000,000","853,000,000","1,519,000,000","1,734,000,000","1,528,000,000","1,653,769,000","1,558,375,000","1,064,903,000","1,303,009,000","973,638,000","626,442,000","612,800,000","501,800,000","359,900,000","283,700,000","178,100,000","110,900,000","79,200,000","50,100,000","30,800,000","22,900,000","25,700,000","21,600,000","18,000,000","14,900,000","10,300,000"
		NetIncomeIncludingNoncontrollingInterests,"3,502,000,000","3,237,000,000","3,257,000,000","2,415,000,000","2,442,000,000","2,123,000,000","2,226,000,000","1,729,000,000","2,028,000,000","1,332,000,000","854,000,000","877,000,000","1,519,000,000","1,734,000,000","1,528,000,000","1,653,769,000","1,558,375,000","1,064,903,000","1,303,009,000","973,638,000","626,442,000","612,800,000","501,800,000","359,900,000","283,700,000","178,100,000","110,900,000","79,200,000","50,100,000","30,800,000","22,900,000","25,700,000","21,600,000","18,000,000","14,900,000","10,300,000"
			NetIncomeContinuousOperations,"3,502,000,000","3,237,000,000","3,257,000,000","2,415,000,000","2,442,000,000","2,123,000,000","2,226,000,000","1,729,000,000","2,028,000,000","1,332,000,000","854,000,000","877,000,000","1,519,000,000","1,734,000,000","1,528,000,000","1,653,769,000","1,558,375,000","1,064,903,000","1,293,229,000","973,638,000","626,442,000","612,800,000","501,800,000","359,900,000","283,700,000","178,100,000","109,600,000","75,600,000","50,100,000","30,800,000","22,900,000","25,700,000","21,600,000","18,000,000","14,900,000","10,300,000"
			NetIncomeExtraordinary,,,,,,,,,,,,,,,,,,,"9,780,000",,,,,,,,,"3,600,000",,,,,,,,
			NetIncomeFromTaxLossCarryforward,,,,,,,,,,,,,,,,,,,,,,,,,,,"1,300,000",,,,,,,,,
		MinorityInterests,"-10,000,000","-13,000,000","-20,000,000","-21,000,000","-16,000,000","-39,000,000","-75,000,000","-50,000,000","-49,000,000","-43,000,000","-38,000,000","-24,000,000",,,,,,,,,,,,,,,,,,,,,,,,
	PreferredStockDividends,"227,000,000","196,000,000","174,000,000","174,000,000","167,000,000","148,000,000","148,000,000","117,000,000","63,000,000",,,"124,000,000","21,000,000",,,,,,,,,,,,"600,000","5,100,000","5,200,000","5,200,000","4,600,000",,,,,,,
DilutedNIAvailtoComStockholders,"3,265,000,000","3,028,000,000","3,063,000,000","2,220,000,000","2,259,000,000","1,936,000,000","2,003,000,000","1,562,000,000","1,916,000,000","1,289,000,000","816,000,000","729,000,000","1,498,000,000","1,734,000,000","1,528,000,000","1,653,769,000","1,558,375,000","1,064,903,000","1,303,009,000","973,638,000","626,442,000","612,800,000","501,800,000","359,900,000","283,100,000","173,000,000","105,700,000","74,000,000","45,500,000","30,800,000","22,900,000","25,700,000","21,600,000","18,000,000","14,900,000","10,300,000"
BasicEPS,,"3.76","3.96","2.78","2.81","2.59","2.79","2.22","2.74","1.84","1.18","1.16","2.73","3.17","2.84","3.02","2.82","2.09","2.75","2.15","1.57","1.86","1.75","1.325","1.28","0.83","1.19","0.47","0.72","0.68","0.51","0.57","0.57","0.48","0.45","0.39"
DilutedEPS,,"3.71","3.91","2.74","2.77","2.56","2.75","2.19","2.7","1.83","1.16","1.15","2.71","3.14","2.81","3","2.8","2.07","2.72","2.12","1.55","1.83","1.71","1.3","1.27","0.82","1.135","0.47","0.69","0.68","0.51","0.57","0.57","0.48","0.45","0.39"
BasicAverageShares,,"805,104,000","772,963,000","799,217,000","804,680,000","748,010,000","718,140,000","703,042,000","698,739,000","696,526,000","692,489,000","629,583,000","548,847,000","547,184,000","539,140,045","546,916,414","551,661,326","509,850,763","473,303,770","452,854,884","399,007,643","329,462,366","286,742,857","271,622,642","221,171,875","208,433,735","88,823,529","60,860,215","63,194,444","45,294,118","44,901,961","45,087,719","37,894,737","37,500,000","33,111,111","26,410,256"
DilutedAverageShares,,"815,204,000","783,484,000","810,977,000","814,916,000","757,765,000","728,372,000","714,363,000","708,877,000","705,213,000","701,039,000","635,619,000","552,498,000","551,755,000","543,890,512","551,379,604","556,041,033","514,082,392","478,792,558","459,263,208","404,156,129","334,863,388","293,450,292","276,846,154","222,913,386","210,975,610","93,127,753","65,813,953","63,194,444","45,294,118","44,901,961","45,087,719","37,894,737","37,500,000","33,111,111","26,410,256"
InterestIncomeAfterProvisionForLoanLoss,"7,914,000,000","6,698,000,000","6,116,000,000","5,988,000,000","5,749,000,000","5,164,000,000","5,123,000,000","5,024,000,000","4,800,000,000","4,317,000,000","2,682,000,000","2,033,000,000","2,756,000,000","3,432,000,000","3,468,000,000","3,307,610,000","3,098,954,000","2,834,005,000","2,483,760,000","2,210,167,000","1,890,197,000","1,489,600,000","1,167,100,000","1,009,600,000","774,800,000","710,100,000","315,500,000","219,100,000","179,000,000","132,600,000","110,800,000","106,700,000",,,,
NetIncomeFromContinuingAndDiscontinuedOperation,"3,492,000,000","3,224,000,000","3,237,000,000","2,394,000,000","2,426,000,000","2,084,000,000","2,151,000,000","1,679,000,000","1,979,000,000","1,289,000,000","816,000,000","853,000,000","1,519,000,000","1,734,000,000","1,528,000,000","1,653,769,000","1,558,375,000","1,064,903,000","1,293,229,000","973,638,000","626,442,000","612,800,000","501,800,000","359,900,000","283,700,000","178,100,000","109,600,000","75,600,000","50,100,000","30,800,000","22,900,000","25,700,000","21,600,000","18,000,000","14,900,000","10,300,000"
NormalizedIncome,"3,804,924,036.019","3,513,800,000","3,354,092,000","2,762,082,000","2,544,660,000","2,329,336,000","2,276,160,000","1,708,900,000","2,028,368,000","1,302,090,909.091","876,811,145.511","885,167,953.668","1,530,012,566.457","1,748,168,871.595","1,539,121,714.517","1,648,540,991.489","1,562,077,744.555","1,377,501,221.257","1,321,596,744.582","973,638,000","626,442,000","612,800,000","501,800,000","359,900,000","283,700,000","190,638,455.715","109,010,047.847","66,541,321.586","50,100,000","30,800,000","22,900,000","25,700,000","21,600,000","18,000,000","14,900,000","10,300,000"
TotalMoneyMarketInvestments,,,,,,,,,,"19,000,000","16,000,000","7,000,000",,,,,,,,,,,,,,,,,,"2,300,000",,,,,,
ReconciledDepreciation,"504,000,000","630,000,000","555,000,000","550,000,000","555,000,000","461,000,000","424,000,000","421,000,000","391,000,000","363,000,000","382,000,000","339,000,000","298,000,000","404,000,000","304,000,000","332,990,000","401,662,000","207,786,000","158,977,000","236,191,000","186,616,000","155,500,000","106,100,000","77,800,000","51,100,000","43,400,000",,"11,900,000","10,300,000","6,200,000","6,300,000","6,400,000",,,,
NetIncomeFromContinuingOperationNetMinorityInterest,"3,492,000,000","3,224,000,000","3,237,000,000","2,394,000,000","2,426,000,000","2,084,000,000","2,151,000,000","1,679,000,000","1,979,000,000","1,289,000,000","816,000,000","853,000,000","1,519,000,000","1,734,000,000","1,528,000,000","1,653,769,000","1,558,375,000","1,064,903,000","1,293,229,000","973,638,000","626,442,000","612,800,000","501,800,000","359,900,000","283,700,000","178,100,000","109,600,000","75,600,000","50,100,000","30,800,000","22,900,000","25,700,000","21,600,000","18,000,000","14,900,000","10,300,000"
TotalUnusualItemsExcludingGoodwill,"-387,000,000","-360,000,000","-146,000,000","-507,000,000","-170,000,000","-337,000,000","-168,000,000","-46,000,000","-68,000,000","-16,000,000","-69,000,000","-38,000,000","-15,000,000","-21,000,000","-18,000,000","7,798,000","-5,518,000","-474,673,000","-39,280,000",,,,,,,"-18,600,000","900,000","13,600,000",,,,,,,,
TotalUnusualItems,"-387,000,000","-360,000,000","-146,000,000","-507,000,000","-170,000,000","-337,000,000","-168,000,000","-46,000,000","-68,000,000","-16,000,000","-69,000,000","-38,000,000","-15,000,000","-21,000,000","-18,000,000","7,798,000","-5,518,000","-474,673,000","-39,280,000",,,,,,,"-18,600,000","900,000","13,600,000",,,,,,,,
TaxRateForCalcs,"0.191","0.195","0.198","0.274","0.302","0.272","0.255","0.35","0.274","0.182","0.119","0.153","0.266","0.325","0.382","0.33","0.329","0.341","0.278","0.284","0.308","0.322","0.316","0.343","0.322","0.326","0.344","0.334","0.338","0.316","0.282","0.298","0.4","0.4","0.4","0.4"
TaxEffectOfUnusualItems,"-74,075,963.981","-70,200,000","-28,908,000","-138,918,000","-51,340,000","-91,664,000","-42,840,000","-16,100,000","-18,632,000","-2,909,090.909","-8,188,854.489","-5,832,046.332","-3,987,433.543","-6,831,128.405","-6,878,285.483","2,569,991.489","-1,815,255.445","-162,074,778.743","-10,912,255.418","0","0","0","0","0","0","-6,061,544.285","310,047.847","4,541,321.586","0","0","0","0","0","0","0","0"