name,ttm,03/31/2020,12/31/2019,09/30/2019,06/30/2019,03/31/2019,12/31/2018,09/30/2018,06/30/2018,03/31/2018,12/31/2017,09/30/2017,06/30/2017,03/31/2017,12/31/2016,09/30/2016,06/30/2016,03/31/2016,12/31/2015,09/30/2015,06/30/2015,03/31/2015,12/31/2014,09/30/2014,06/30/2014,03/31/2014,12/31/2013,09/30/2013,06/30/2013,03/31/2013,12/31/2012,09/30/2012,06/30/2012,03/31/2012,12/31/2011,09/30/2011,06/30/2011,03/31/2011,12/31/2010,09/30/2010,06/30/2010,03/31/2010,12/31/2009,09/30/2009,06/30/2009,03/31/2009,12/31/2008,09/30/2008,06/30/2008,03/31/2008,12/31/2007,09/30/2007,06/30/2007,03/31/2007,12/31/2006,09/30/2006,06/30/2006,03/31/2006,12/31/2005,09/30/2005,06/30/2005,03/31/2005,12/31/2004,09/30/2004,06/30/2004,03/31/2004,12/31/2003,09/30/2003,06/30/2003,03/31/2003,12/31/2002,09/30/2002,06/30/2002,03/31/2002,12/31/2001,09/30/2001,06/30/2001,03/31/2001,12/31/2000,09/30/2000,06/30/2000,03/31/2000,12/31/1999,09/30/1999,06/30/1999,03/31/1999,12/31/1998,09/30/1998,06/30/1998,03/31/1998,12/31/1997,09/30/1997,06/30/1997,03/31/1997,12/31/1996,09/30/1996,06/30/1996,03/31/1996,12/31/1995,09/30/1995,06/30/1995,03/31/1995
TotalRevenue,"4,727,400,000","1,056,200,000","1,257,900,000","1,214,700,000","1,198,600,000","1,219,500,000","1,102,800,000","1,166,600,000","1,362,800,000","1,330,900,000","1,332,200,000","1,325,200,000","1,266,100,000","1,260,900,000","1,255,000,000","1,241,200,000","1,222,000,000","1,227,600,000","1,204,700,000","1,233,500,000","1,297,100,000","1,298,700,000","1,285,100,000","1,265,600,000","1,273,000,000","1,243,900,000","1,229,000,000","1,201,800,000","1,182,600,000","1,180,300,000","1,184,000,000","1,157,700,000","1,127,200,000","1,121,800,000","1,135,900,000","1,108,000,000","853,900,000","833,800,000","833,300,000","804,000,000","768,300,000","746,600,000","730,300,000","708,500,000","696,400,000","698,900,000","663,400,000","642,100,000","685,000,000","717,400,000","702,200,000","695,100,000","691,400,000","698,100,000","654,500,000","671,200,000","653,800,000","664,600,000","657,100,000","629,200,000","740,700,000","777,700,000","771,000,000","759,600,000","781,100,000","799,300,000","803,700,000","787,600,000","822,500,000","849,800,000","814,000,000","854,900,000","798,400,000","849,300,000","815,400,000","852,400,000","795,600,000","848,400,000","775,900,000","794,000,000","785,800,000","732,200,000","762,500,000","761,700,000","764,800,000","953,600,000","868,300,000","843,600,000","856,700,000","863,900,000","852,500,000","855,700,000","832,500,000","854,900,000","839,700,000","806,300,000","800,300,000","828,400,000","784,900,000","819,200,000","793,400,000","841,400,000"
	OperatingRevenue,"4,727,400,000","1,056,200,000","1,257,900,000","1,214,700,000","1,198,600,000","1,219,500,000","1,102,800,000","1,166,600,000","1,362,800,000","1,330,900,000","1,332,200,000","1,325,200,000","1,266,100,000","1,260,900,000","1,255,000,000","1,241,200,000","1,222,000,000","1,227,600,000","1,204,700,000","1,233,500,000","1,297,100,000","1,298,700,000","1,285,100,000","1,265,600,000","1,273,000,000","1,243,900,000","1,229,000,000","1,201,800,000","1,182,600,000","1,180,300,000","1,184,000,000","1,157,700,000","1,127,200,000","1,121,800,000","1,135,900,000","1,108,000,000","853,900,000","833,800,000","833,300,000","804,000,000","768,300,000","746,600,000","730,300,000","708,500,000","696,400,000","698,900,000","663,400,000","642,100,000","685,000,000","717,400,000","702,200,000","695,100,000","691,400,000","698,100,000","654,500,000","671,200,000","653,800,000","664,600,000","657,100,000","629,200,000","740,700,000","777,700,000","771,000,000","759,600,000","781,100,000","799,300,000","803,700,000","787,600,000","822,500,000","849,800,000","814,000,000","854,900,000","798,400,000","849,300,000","815,400,000","852,400,000","795,600,000","848,400,000","775,900,000","794,000,000","785,800,000","732,200,000","762,500,000","761,700,000","764,800,000","953,600,000","868,300,000","843,600,000","856,700,000","863,900,000","852,500,000","855,700,000","832,500,000","854,900,000","839,700,000","806,300,000","800,300,000","828,400,000","784,900,000","819,200,000","793,400,000","841,400,000"
NetNonOperatingInterestIncomeExpense,"-37,500,000","-9,400,000","-9,400,000","-9,400,000","-9,300,000","-9,400,000","-11,200,000","-11,200,000","-11,600,000","-12,400,000","-12,200,000","-12,100,000","-12,200,000","-12,000,000","-12,100,000","-12,500,000","-15,600,000","-14,700,000","-14,600,000","-14,700,000","-14,900,000","-15,900,000","-16,300,000","-16,300,000","-16,300,000","-16,300,000","-16,600,000","-16,600,000","-17,400,000","-14,700,000","-15,200,000","-14,600,000","-15,900,000","-16,200,000","-16,400,000","-17,400,000","-10,800,000","-10,400,000",,"-11,800,000",,,,,,,,,,,,,,,,,,,,,,,,,,,,,,,,,,,,,,,,,,,,,,,,,,,,,,,,,,,,,,
	InterestExpenseNonOperating,"37,500,000","9,400,000","9,400,000","9,400,000","9,300,000","9,400,000","11,200,000","11,200,000","11,600,000","12,400,000","12,200,000","12,100,000","12,200,000","12,000,000","12,100,000","12,500,000","15,600,000","14,700,000","14,600,000","14,700,000","14,900,000","15,900,000","16,300,000","16,300,000","16,300,000","16,300,000","16,600,000","16,600,000","17,400,000","14,700,000","15,200,000","14,600,000","15,900,000","16,200,000","16,400,000","17,400,000","10,800,000","10,400,000",,"11,800,000",,,,,,,,,,,,,,,,,,,,,,,,,,,,,,,,,,,,,,,,,,,,,,,,,,,,,,,,,,,,,,
OtherIncomeExpense,,,,,,,,,,,,,,,,,,,,,,,,,,,,,,,,"12,500,000","12,100,000","14,300,000","15,900,000","13,400,000","9,000,000","8,400,000","8,700,000","9,000,000","8,500,000","8,100,000","8,400,000","9,000,000","8,700,000","8,100,000","8,900,000","8,300,000","9,500,000","11,100,000","13,800,000","14,500,000","14,800,000","13,400,000","16,100,000","22,600,000","16,900,000","19,300,000","20,100,000","22,200,000","82,800,000","87,100,000","91,300,000","89,900,000","95,600,000","102,400,000","118,400,000","116,900,000","123,500,000","142,700,000","171,200,000","133,700,000","135,200,000","128,500,000","126,300,000","127,800,000","135,200,000","136,500,000","138,700,000","145,000,000","265,700,000","139,200,000","-441,800,000","261,800,000","270,100,000","414,300,000","-391,800,000","273,200,000","274,600,000","286,400,000","-461,500,000","270,100,000","253,700,000","292,600,000","-476,700,000","249,200,000","246,600,000","280,800,000",,,,
	SpecialIncomeCharges,,,"0",,,,"-26,300,000",,,,"0","0","0",,"-2,400,000","100,000","-85,700,000",,"700,000","0","37,700,000",,,,,,,,,,"-5,100,000",,,,,,,,,,,,,,,,,,,,,,,,,,,,"-800,000","-400,000","-200,000","-700,000","-2,700,000","-300,000","-2,200,000","-3,300,000","-34,100,000","-500,000","-1,000,000","8,400,000",,,,,"-2,700,000","0","0",,"-400,000","0",,,,,,,"43,300,000","-56,300,000",,,,,,,,,,,,,,
		RestructuringAndMergernAcquisition,,,,,,,,,,,,,,,,,,,,,,,,,,,,,,,,,,,,,,,,,,,,,,,,,,,,,,,,,,,"800,000","400,000","200,000","700,000","2,700,000","300,000","2,200,000","3,300,000","22,900,000","1,200,000","1,300,000","3,300,000",,,,,"2,700,000","0","0",,"400,000","0",,,,,,,,,,,,,,,,,,,,,,
		OtherSpecialCharges,,,,,,,"26,300,000",,,,,,,,"2,400,000","-100,000","85,700,000",,"-700,000",,"-37,700,000",,,,,,,,,,"5,100,000",,,,,,,,,,,,,,,,,,,,,,,,,,,,,,,,,,,,,"-700,000","-300,000","-11,700,000",,,,,,,,,,,,,,,,,,,,,,,,,,,,,,,,
PretaxIncome,"319,600,000","-53,900,000","133,400,000","130,300,000","109,800,000","148,600,000","1,100,000","122,700,000","119,900,000","80,600,000","122,600,000","8,900,000","111,000,000","59,000,000","-32,800,000","124,100,000","-7,100,000","108,100,000","99,400,000","110,400,000","152,600,000","77,000,000","122,900,000","75,300,000","107,700,000","72,100,000","88,200,000","86,100,000","65,900,000","88,900,000","-106,400,000","53,200,000","11,100,000","70,800,000","63,200,000","-18,700,000","-59,700,000","37,500,000","75,600,000","73,100,000","3,100,000","59,300,000","73,500,000","67,500,000","96,600,000","33,300,000","50,300,000","-49,000,000","76,700,000","80,500,000","89,200,000","77,800,000","89,500,000","91,900,000","72,400,000","43,300,000","78,400,000","85,300,000","83,400,000","-140,700,000","78,100,000","61,000,000","87,000,000","15,900,000","37,900,000","45,900,000","8,400,000","3,900,000","30,900,000","48,600,000","17,900,000","-491,100,000","-113,100,000","65,100,000","-135,500,000","23,800,000","15,500,000","36,800,000","37,300,000","79,600,000","0","41,700,000","468,000,000","0","0","0","279,600,000","0","0","0","365,500,000","0","0","0","331,700,000","0","0","0",,,,
TaxProvision,"51,900,000","-15,200,000","23,200,000","19,100,000","24,800,000","26,000,000","-1,000,000","18,700,000","20,700,000","12,800,000","55,500,000","-3,400,000","32,600,000","13,800,000","-20,600,000","35,800,000","-9,000,000","30,000,000","21,600,000","33,200,000","31,700,000","22,100,000","32,800,000","20,300,000","25,200,000","17,400,000","23,300,000","24,800,000","12,800,000","22,500,000","-51,100,000","12,300,000","1,300,000","20,100,000","17,100,000","-9,000,000","-27,300,000","9,600,000","18,200,000","21,700,000","900,000","17,100,000","17,600,000","18,900,000","33,500,000","13,100,000","27,500,000","-5,500,000","28,800,000","27,000,000","26,300,000","24,800,000","30,000,000","28,100,000","22,900,000","14,800,000","24,700,000","25,300,000","-1,000,000","-35,300,000","6,100,000","14,500,000","23,900,000","-1,800,000","5,500,000","-23,400,000","-5,600,000","-7,500,000","2,500,000","7,500,000","-1,000,000","-181,700,000","-61,600,000","9,500,000","-82,200,000","-11,400,000","1,700,000","6,400,000","-26,300,000","13,100,000","8,400,000","7,500,000","22,800,000","14,400,000","22,000,000","49,400,000","15,400,000","-8,900,000","18,400,000","24,200,000","40,600,000","24,000,000","19,300,000","9,700,000","17,200,000","21,200,000","12,600,000","24,200,000",,,,
EarningsFromEquityInterestNetOfTax,,,,,,,,,,,,,,,,,,,,,,,,,,,,,,,,,,,,,,,,,,,,,,,,,,,,,,,,,,,,,,,,,,,,,"-4,000,000","-4,000,000","-4,000,000","-4,000,000","-4,000,000","-4,000,000","-17,400,000","-4,000,000","-600,000","-4,000,000","-4,000,000","-4,000,000","56,000,000","-4,000,000","-376,800,000","73,500,000","88,800,000","203,500,000","-198,300,000","-700,000","78,700,000","91,000,000",,"84,700,000","57,000,000","25,600,000","-269,200,000","67,900,000","55,200,000","71,500,000",,,,
NetIncomeCommonStockholders,"262,700,000","-40,000,000","109,800,000","118,900,000","74,000,000","122,400,000","123,600,000","100,400,000","99,300,000","67,700,000","51,500,000","11,100,000","78,400,000","45,200,000","-13,500,000","88,400,000","2,000,000","78,200,000","77,600,000","78,300,000","120,700,000","54,900,000","89,900,000","54,900,000","82,600,000","54,600,000","70,100,000","61,300,000","53,400,000","66,200,000","-55,000,000","40,400,000","20,800,000","49,700,000","49,300,000","-9,700,000","-31,800,000","29,300,000","58,400,000","52,300,000","2,300,000","41,800,000","57,300,000","49,700,000","64,400,000","25,800,000","34,100,000","-61,800,000","-10,200,000","58,500,000","75,800,000","53,900,000","59,800,000","63,600,000","45,500,000","33,400,000","50,900,000","40,500,000","118,700,000","-562,400,000","72,000,000","46,500,000","63,100,000","17,700,000","32,400,000","12,100,000","14,000,000","11,400,000","24,400,000","37,100,000","14,900,000","-313,400,000","-55,500,000","47,900,000","-70,700,000","31,200,000","13,200,000","23,200,000","59,600,000","62,500,000","47,600,000","30,200,000","68,400,000","13,100,000","60,200,000","154,100,000","65,900,000","8,200,000","60,300,000","66,800,000","94,900,000","60,700,000","37,700,000","15,900,000","45,300,000","46,700,000","42,600,000","47,300,000","40,700,000","30,100,000","26,400,000","36,700,000"
	NetIncome,"262,700,000","-40,000,000","109,800,000","118,900,000","74,000,000","122,400,000","123,600,000","100,400,000","99,300,000","67,700,000","51,500,000","11,100,000","78,400,000","45,200,000","-13,500,000","88,400,000","2,000,000","78,200,000","77,600,000","78,300,000","120,700,000","54,900,000","89,900,000","54,900,000","82,600,000","54,600,000","70,100,000","61,300,000","53,400,000","66,200,000","-55,000,000","40,400,000","20,800,000","49,700,000","49,300,000","-9,700,000","-31,800,000","29,300,000","58,400,000","52,300,000","2,300,000","41,800,000","57,300,000","49,700,000","64,400,000","25,800,000","34,100,000","-61,800,000","-10,200,000","58,500,000","75,800,000","53,900,000","59,800,000","63,600,000","45,500,000","33,400,000","50,900,000","40,500,000","118,700,000","-562,400,000","72,000,000","46,500,000","63,100,000","17,700,000","32,400,000","12,100,000","14,000,000","11,400,000","24,400,000","37,100,000","14,900,000","-313,400,000","-55,500,000","47,900,000","-70,700,000","31,200,000","13,200,000","23,200,000","59,600,000","62,500,000","47,600,000","30,200,000","68,400,000","13,100,000","60,200,000","154,100,000","65,900,000","8,200,000","60,300,000","66,800,000","94,900,000","60,700,000","37,700,000","15,900,000","45,300,000","46,700,000","42,600,000","47,300,000","40,700,000","30,100,000","26,400,000","36,700,000"
		NetIncomeIncludingNoncontrollingInterests,"262,700,000","-40,000,000","109,800,000","118,900,000","74,000,000","122,400,000","123,600,000","100,400,000","99,300,000","67,700,000","51,500,000","11,100,000","78,400,000","45,200,000","-13,500,000","88,400,000","2,000,000","78,200,000","77,600,000","78,300,000","120,700,000","54,900,000","89,900,000","54,900,000","82,600,000","54,600,000","70,100,000","61,300,000","53,400,000","66,200,000","-55,000,000","40,400,000","20,800,000","49,700,000","49,300,000","-9,700,000","-31,800,000","29,300,000","58,400,000","52,300,000","2,300,000","41,800,000","57,300,000","49,700,000","64,400,000","25,800,000","34,100,000","-61,800,000","-10,200,000","58,500,000","75,800,000","53,900,000","59,800,000","63,600,000","45,500,000","33,400,000","50,900,000","40,500,000","118,700,000","-562,400,000","72,000,000","46,500,000","63,100,000","17,700,000","32,400,000","12,100,000","14,000,000","11,400,000","20,400,000","33,100,000","42,900,000","-317,400,000","-51,500,000","43,900,000","-74,700,000","27,200,000","9,200,000","27,200,000","87,600,000","58,500,000","43,600,000","34,200,000","96,400,000","9,100,000","56,200,000","150,100,000","118,500,000","-1,000,000","54,500,000","58,500,000","210,600,000","55,300,000","18,500,000","-12,500,000","179,500,000","25,500,000","28,900,000","22,600,000","-32,400,000","30,100,000","26,400,000","36,700,000"
			NetIncomeContinuousOperations,"267,700,000","-38,700,000","110,200,000","111,200,000","85,000,000","122,600,000","2,100,000","104,000,000","99,200,000","67,800,000","67,100,000","12,300,000","78,400,000","45,200,000","-12,200,000","88,300,000","1,900,000","78,100,000","77,800,000","77,200,000","120,900,000","54,900,000","90,100,000","55,000,000","82,500,000","54,700,000","64,900,000","61,300,000","53,100,000","66,400,000","-55,300,000","40,900,000","9,800,000","50,700,000","46,100,000","-9,700,000","-32,400,000","27,900,000","57,400,000","51,400,000","2,200,000","42,200,000","55,900,000","48,600,000","63,100,000","20,200,000","22,800,000","-43,500,000","47,900,000","53,500,000","62,900,000","53,000,000","59,500,000","63,800,000","49,500,000","28,500,000","53,700,000","60,000,000","84,400,000","-105,400,000","72,000,000","46,500,000","63,100,000","17,700,000","32,400,000","69,300,000","14,000,000","11,400,000","24,400,000","37,100,000","14,900,000","-313,400,000","-55,500,000","51,600,000","-70,700,000","31,200,000","13,200,000","26,400,000","59,600,000","62,500,000","47,600,000","30,200,000","68,400,000","59,100,000","66,800,000","154,100,000","65,900,000","8,200,000","60,300,000","66,800,000","157,600,000","60,700,000","37,700,000","15,900,000","45,300,000","46,700,000","42,600,000","47,300,000","42,100,000","34,800,000","29,900,000","39,200,000"
			NetIncomeDiscontinuousOperations,"-5,000,000","-1,300,000","-400,000","7,700,000","-11,000,000","-200,000","121,500,000","-3,600,000","100,000","-100,000","-15,600,000","-1,200,000","0","0","-1,300,000","100,000","100,000","100,000","-200,000","1,100,000","-200,000","0","-200,000","-100,000","100,000","-100,000","5,200,000","0","300,000","-200,000","300,000","-500,000","11,000,000","-1,000,000","3,200,000","0","600,000","1,400,000","1,000,000","900,000","100,000","-400,000","1,400,000","1,100,000","1,300,000","5,600,000","1,200,000","-18,300,000","-58,100,000","5,000,000","12,900,000","900,000","300,000","-200,000","-4,000,000","4,900,000","-2,800,000","-20,100,000","34,300,000","-457,000,000",,,,,,,,,,,,,,,,,,,,,,"0","0","-46,000,000","-6,600,000",,,,,,,,,,,,,,,,,
			NetIncomeExtraordinary,,,,,,,,,,,,,,,,,,,,,,,,,,,,,,,,,,,,,,,,,,,,,,,,,,,"0","0","0","0","0","0","0","600,000","0","0","0","0","0","0","0","-57,200,000","0","0","0","0","0","0","0","-3,700,000","0","0","0","-3,200,000",,,,,,,,,,,,,,,,,,,,,,,,
			NetIncomeFromTaxLossCarryforward,,,,,,,,,,,,,,,,,,,,,,,,,,,,,,,,,,,,,,,,,,,,,,,,,,,,,,,,,"-2,800,000",,,,,,,,,,,,,,,,,,,,,,,,,,,,,,,,,,,,,,,,,,"-1,400,000","-4,700,000","-3,500,000","-2,500,000"
		MinorityInterests,,,,,,,,,,,,,,,,,,,,,,,,,,,,,,,,,,,,,,,,,,,,,,,,,,,,,,,,,,,,,,,,,,,,,"4,000,000","4,000,000","-28,000,000","4,000,000","-4,000,000","4,000,000","4,000,000","4,000,000","4,000,000","-4,000,000","-28,000,000","4,000,000","4,000,000","-4,000,000","-28,000,000","4,000,000","4,000,000","4,000,000","-52,600,000","9,200,000","5,800,000","8,300,000","-115,700,000","5,400,000","19,200,000","28,400,000","-134,200,000","21,200,000","13,700,000","24,700,000",,,,
DilutedNIAvailtoComStockholders,"262,700,000","-40,000,000","109,800,000","118,900,000","74,000,000","122,400,000","123,600,000","100,400,000","99,300,000","67,700,000","51,500,000","11,100,000","78,400,000","45,200,000","-13,500,000","88,400,000","2,000,000","78,200,000","77,600,000","78,300,000","120,700,000","54,900,000","89,900,000","54,900,000","82,600,000","54,600,000","70,100,000","61,300,000","53,400,000","66,200,000","-55,000,000","40,400,000","20,800,000","49,700,000","49,300,000","-9,700,000","-31,800,000","29,300,000","58,400,000","52,300,000","2,300,000","41,800,000","57,300,000","49,700,000","64,400,000","25,800,000","34,100,000","-61,800,000","-10,200,000","58,500,000","75,800,000","53,900,000","59,800,000","63,600,000","45,500,000","33,400,000","50,900,000","40,500,000","118,700,000","-562,400,000","72,000,000","46,500,000","63,100,000","17,700,000","32,400,000","12,100,000","14,000,000","11,400,000","24,400,000","37,100,000","14,900,000","-313,400,000","-55,500,000","47,900,000","-70,700,000","31,200,000","13,200,000","23,200,000","59,600,000","62,500,000","47,600,000","30,200,000","68,400,000","13,100,000","60,200,000","154,100,000","65,900,000","8,200,000","60,300,000","66,800,000","94,900,000","60,700,000","37,700,000","15,900,000","45,300,000","46,700,000","42,600,000","47,300,000","40,700,000","30,100,000","26,400,000","36,700,000"
BasicEPS,,"-1.044","2.859","3.003","1.82","3.007","2.922","2.374","2.336","1.593","1.212","0.262","1.85","1.06",,"2.07","0.05","1.82","1.805","1.813","2.73","1.248","2.048","1.256","1.88","1.247","1.604","1.406","1.228","1.505","-1.242","0.912","0.467","1.09",,"-0.217","-0.7","0.648",,"1.16","0.05","0.937",,"0.97","1.26","0.51",,"-1.21","-0.2","1.13",,"1.04","1.16","1.24",,"0.66","1","0.76",,"-10.51","1.35","0.87",,"0.33","0.61","0.23",,"0.22","0.46","0.7",,"-5.93","-1.05","0.91",,"0.59","0.25","0.44",,"1.18","0.89","0.56",,"0.24","1.1","2.69",,"0.14","1","1.11",,"1.04","0.75","0.32",,"0.93","0.85","0.94",,"0.601","0.527","0.733"
DilutedEPS,,"-1.044","2.76","2.96","1.79","2.97","2.88","2.33","2.31","1.57","1.2","0.26","1.83","1.05",,"2.06","0.05","1.8","1.76","1.74","2.68","1.22","2","1.22","1.84","1.22","1.57","1.37","1.19","1.46","-1.242","0.89","0.46","1.09",,"-0.217","-0.7","0.64",,"1.15","0.05","0.937",,"0.97","1.25","0.5",,"-1.21","-0.2","1.12",,"1.03","1.14","1.22",,"0.65","0.99","0.75",,"-10.51","1.34","0.86",,"0.33","0.6","0.23",,"0.21","0.46","0.7",,"-5.93","-1.05","0.9",,"0.59","0.25","0.44",,"1.16","0.88","0.56",,"0.24","1.09","2.67",,"0.13","1","1.11",,"1.04","0.75","0.32",,"0.93","0.85","0.94",,"0.601","0.527","0.733"
BasicAverageShares,,"38,300,000","38,400,000","39,600,000","40,700,000","40,700,000","42,300,000","42,300,000","42,500,000","42,500,000","42,500,000","42,400,000","42,500,000","42,500,000",,"42,700,000","43,000,000","42,900,000","43,000,000","43,200,000","44,200,000","44,000,000","43,900,000","43,700,000","44,100,000","43,800,000","43,700,000","43,600,000","43,500,000","44,000,000","44,300,000","44,300,000","44,500,000","45,500,000",,"44,600,000","45,400,000","45,200,000",,"44,900,000","45,500,000","44,600,000",,"51,200,000","51,100,000","51,100,000",,"51,000,000","51,300,000","51,700,000",,"51,800,000","51,600,000","51,200,000",,"50,900,000","51,000,000","53,100,000",,"53,500,000","53,400,000","53,300,000",,"53,200,000","53,200,000","53,100,000",,"52,900,000","52,900,000","52,900,000",,"52,900,000","52,900,000","52,800,000",,"52,700,000","52,600,000","52,600,000",,"53,100,000","53,400,000","53,900,000",,"54,100,000","54,500,000","57,300,000",,"60,000,000","60,000,000","60,300,000",,"58,400,000","50,300,000","50,200,000",,"50,100,000","50,100,000","50,100,000",,"50,100,000","50,100,000","50,100,000"
DilutedAverageShares,,"38,900,000","39,800,000","40,200,000","41,200,000","41,200,000","42,900,000","43,100,000","43,100,000","43,100,000","43,000,000","42,900,000","42,800,000","42,900,000",,"43,000,000","43,400,000","43,500,000","44,100,000","44,900,000","45,000,000","45,100,000","45,000,000","44,900,000","44,900,000","44,800,000","44,800,000","44,600,000","44,800,000","45,300,000","44,500,000","45,200,000","45,400,000","45,500,000",,"45,300,000","45,400,000","46,000,000",,"45,700,000","48,200,000","44,600,000",,"51,200,000","51,400,000","51,400,000",,"51,000,000","51,800,000","52,300,000",,"52,500,000","52,300,000","51,900,000",,"51,300,000","51,600,000","53,600,000",,"53,500,000","53,900,000","53,800,000",,"53,600,000","53,700,000","53,700,000",,"53,300,000","53,000,000","53,000,000",,"52,900,000","52,900,000","53,100,000",,"53,100,000","53,100,000","53,100,000",,"53,900,000","54,100,000","54,300,000",,"54,700,000","55,100,000","57,700,000",,"60,600,000","60,500,000","60,300,000",,"58,400,000","50,300,000","50,200,000",,"50,100,000","50,100,000","50,100,000",,"50,100,000","50,100,000","50,100,000"
TotalExpenses,"4,407,800,000","1,110,100,000","1,124,500,000","1,084,400,000","1,088,800,000","1,070,900,000","1,101,700,000","1,043,900,000","1,242,900,000","1,250,300,000","1,209,600,000","1,316,300,000","1,155,100,000","1,201,900,000","1,287,800,000","1,117,100,000","1,229,100,000","1,119,500,000","1,105,300,000","1,123,100,000","1,144,500,000","1,221,700,000","1,162,200,000","1,190,300,000","1,165,300,000","1,171,800,000","1,140,800,000","1,115,700,000","1,116,700,000","1,091,400,000","1,290,400,000","1,104,500,000","1,116,100,000","1,051,000,000","1,072,700,000","1,126,700,000","913,600,000","796,300,000","757,700,000","730,900,000","765,200,000","687,300,000","656,800,000","641,000,000","599,800,000","665,600,000","613,100,000","691,100,000","608,300,000","636,900,000","613,000,000","617,300,000","601,900,000","606,200,000","582,100,000","627,900,000","575,400,000","579,300,000","573,700,000","769,900,000","662,600,000","716,700,000","684,000,000","743,700,000","743,200,000","753,400,000","795,300,000","783,700,000","791,600,000","801,200,000","796,100,000","1,346,000,000","911,500,000","784,200,000","950,900,000","828,600,000","780,100,000","811,600,000","738,600,000","714,400,000","115,000,000","690,500,000","2,360,700,000","111,900,000","111,900,000","150,700,000","2,752,600,000","167,900,000","253,600,000","257,800,000","2,676,200,000","117,300,000","116,800,000","119,800,000","2,584,900,000","117,300,000","121,100,000","119,700,000",,,,
NetIncomeFromContinuingAndDiscontinuedOperation,"262,700,000","-40,000,000","109,800,000","118,900,000","74,000,000","122,400,000","123,600,000","100,400,000","99,300,000","67,700,000","51,500,000","11,100,000","78,400,000","45,200,000","-13,500,000","88,400,000","2,000,000","78,200,000","77,600,000","78,300,000","120,700,000","54,900,000","89,900,000","54,900,000","82,600,000","54,600,000","70,100,000","61,300,000","53,400,000","66,200,000","-55,000,000","40,400,000","20,800,000","49,700,000","49,300,000","-9,700,000","-31,800,000","29,300,000","58,400,000","52,300,000","2,300,000","41,800,000","57,300,000","49,700,000","64,400,000","25,800,000","34,100,000","-61,800,000","-10,200,000","58,500,000","75,800,000","53,900,000","59,800,000","63,600,000","45,500,000","33,400,000","53,700,000","39,900,000","118,700,000","-562,400,000","72,000,000","46,500,000","63,100,000","17,700,000","32,400,000","69,300,000","14,000,000","11,400,000","24,400,000","37,100,000","14,900,000","-313,400,000","-55,500,000","51,600,000","-70,700,000","31,200,000","13,200,000","26,400,000","59,600,000","62,500,000","47,600,000","30,200,000","98,900,000","13,100,000","60,200,000","154,100,000","65,900,000","8,200,000","60,300,000","66,800,000","94,900,000","60,700,000","37,700,000","15,900,000","45,300,000","46,700,000","42,600,000","47,300,000","42,100,000","34,800,000","29,900,000","39,200,000"
NormalizedIncome,"267,700,000","-38,700,000","110,200,000","111,200,000","85,000,000","122,600,000","2,100,000","104,000,000","99,200,000","67,800,000","67,100,000","12,300,000","78,400,000","45,200,000","-10,760,000","88,228,800","53,320,000","78,100,000","77,252,112.676","77,200,000","91,041,600","54,900,000","90,100,000","55,000,000","82,500,000","54,700,000","64,900,000","61,300,000","53,100,000","66,400,000","-55,300,000","40,900,000","9,800,000","50,700,000","46,100,000","-9,700,000","-32,400,000","27,900,000","57,400,000","51,400,000","2,200,000","42,200,000","55,900,000","48,600,000","63,100,000","20,200,000","32,900,000","-43,500,000","47,900,000","53,500,000","62,900,000","53,000,000","59,500,000","63,800,000","49,500,000","28,500,000","56,500,000","60,000,000","84,880,000","-105,100,355.366","72,184,379.001","47,033,606.557","65,058,275.862","17,880,000","34,280,738.786","71,280,000","34,460,000","11,700,000","25,319,093.851","29,996,296.296","14,900,000","-313,400,000","-55,500,000","51,600,000","-69,080,000","31,200,000","13,200,000","26,400,000","59,840,000","62,500,000","47,600,000","30,200,000","98,900,000","59,100,000","66,800,000","154,100,000","24,984,907.01","64,500,000","60,300,000","66,800,000","94,900,000","60,700,000","37,700,000","15,900,000","45,300,000","46,700,000","42,600,000","47,300,000","42,100,000","34,800,000","29,900,000","39,200,000"
InterestExpense,"37,500,000","9,400,000","9,400,000","9,400,000","9,300,000","9,400,000","11,200,000","11,200,000","11,600,000","12,400,000","12,200,000","12,100,000","12,200,000","12,000,000","12,100,000","12,500,000","15,600,000","14,700,000","14,600,000","14,700,000","14,900,000","15,900,000","16,300,000","16,300,000","16,300,000","16,300,000","16,600,000","16,600,000","17,400,000","14,700,000","15,200,000","14,600,000","15,900,000","16,200,000","16,400,000","17,400,000","10,800,000","10,400,000",,"11,800,000",,,,,,,,,,,,,,,,,,,,,,,,,,,,,,,,,,,,,,,,,,,,,,,,,,,,,,,,,,,,,,
NetInterestIncome,"-37,500,000","-9,400,000","-9,400,000","-9,400,000","-9,300,000","-9,400,000","-11,200,000","-11,200,000","-11,600,000","-12,400,000","-12,200,000","-12,100,000","-12,200,000","-12,000,000","-12,100,000","-12,500,000","-15,600,000","-14,700,000","-14,600,000","-14,700,000","-14,900,000","-15,900,000","-16,300,000","-16,300,000","-16,300,000","-16,300,000","-16,600,000","-16,600,000","-17,400,000","-14,700,000","-15,200,000","-14,600,000","-15,900,000","-16,200,000","-16,400,000","-17,400,000","-10,800,000","-10,400,000",,"-11,800,000",,,,,,,,,,,,,,,,,,,,,,,,,,,,,,,,,,,,,,,,,,,,,,,,,,,,,,,,,,,,,,
EBIT,"357,100,000","-44,500,000","142,800,000","139,700,000","119,100,000","158,000,000","12,300,000","133,900,000","131,500,000","93,000,000","134,800,000","21,000,000","123,200,000","71,000,000","-20,700,000","136,600,000","8,500,000","122,800,000","114,000,000","125,100,000","167,500,000","92,900,000","139,200,000","91,600,000","124,000,000","88,400,000","104,800,000","102,700,000","83,300,000","103,600,000","-91,200,000","67,800,000","27,000,000","87,000,000","79,600,000","-1,300,000","-48,900,000","47,900,000",,"84,900,000",,,,,,,,,,,,,,,,,,,,,,,,,,,,,,,,,,,,,,,,,,,,,,,,,,,,,,,,,,,,,,
ReconciledDepreciation,"19,800,000","5,100,000","4,800,000","4,800,000","5,100,000","6,900,000","3,600,000","6,900,000","7,200,000","6,900,000","7,100,000","7,600,000","7,800,000","7,600,000","6,100,000","8,400,000","7,800,000","8,400,000","7,400,000","6,000,000","8,700,000","8,100,000","8,200,000","8,400,000","7,800,000","9,100,000","9,600,000","8,000,000","9,000,000","8,400,000","9,600,000","8,400,000","8,500,000","9,100,000","14,400,000","4,700,000","3,400,000","4,200,000","4,700,000","4,200,000","3,700,000","4,100,000","2,800,000","3,900,000","2,800,000","2,300,000","1,000,000","4,800,000","5,200,000","4,100,000","5,000,000","4,400,000","4,600,000","4,900,000","5,100,000","5,400,000","5,200,000","5,700,000","6,800,000","7,800,000","8,000,000","9,000,000","9,800,000","9,400,000","9,100,000","9,900,000","11,800,000","9,400,000","7,100,000","7,500,000","6,600,000","2,400,000","5,100,000","6,500,000","8,500,000","5,600,000","5,300,000","3,600,000","4,400,000","4,500,000","6,200,000","7,700,000","8,400,000","8,000,000","9,000,000","8,800,000","-2,400,000","9,200,000","7,400,000","7,700,000","11,100,000","6,800,000","7,400,000","6,300,000",,,,,,,,
NetIncomeFromContinuingOperationNetMinorityInterest,"267,700,000","-38,700,000","110,200,000","111,200,000","85,000,000","122,600,000","2,100,000","104,000,000","99,200,000","67,800,000","67,100,000","12,300,000","78,400,000","45,200,000","-12,200,000","88,300,000","1,900,000","78,100,000","77,800,000","77,200,000","120,900,000","54,900,000","90,100,000","55,000,000","82,500,000","54,700,000","64,900,000","61,300,000","53,100,000","66,400,000","-55,300,000","40,900,000","9,800,000","50,700,000","46,100,000","-9,700,000","-32,400,000","27,900,000","57,400,000","51,400,000","2,200,000","42,200,000","55,900,000","48,600,000","63,100,000","20,200,000","32,900,000","-43,500,000","47,900,000","53,500,000","62,900,000","53,000,000","59,500,000","63,800,000","49,500,000","28,500,000","56,500,000","60,000,000","84,400,000","-105,400,000","72,000,000","46,500,000","63,100,000","17,700,000","32,400,000","69,300,000","14,000,000","11,400,000","24,400,000","37,100,000","14,900,000","-313,400,000","-55,500,000","51,600,000","-70,700,000","31,200,000","13,200,000","26,400,000","59,600,000","62,500,000","47,600,000","30,200,000","98,900,000","59,100,000","66,800,000","154,100,000","65,900,000","8,200,000","60,300,000","66,800,000","94,900,000","60,700,000","37,700,000","15,900,000","45,300,000","46,700,000","42,600,000","47,300,000","42,100,000","34,800,000","29,900,000","39,200,000"
TotalUnusualItemsExcludingGoodwill,,,"0",,,,"-26,300,000",,,,"0","0","0",,"-2,400,000","100,000","-85,700,000",,"700,000","0","37,700,000",,,,,,,,,,"-5,100,000",,,,,,,,,,,,,,,,,,,,,,,,,,,,"-800,000","-400,000","-200,000","-700,000","-2,700,000","-300,000","-2,200,000","-3,300,000","-34,100,000","-500,000","-1,000,000","8,400,000",,,,,"-2,700,000","0","0",,"-400,000","0",,,,,,,"43,300,000","-56,300,000",,,,,,,,,,,,,,
TotalUnusualItems,,,"0",,,,"-26,300,000",,,,"0","0","0",,"-2,400,000","100,000","-85,700,000",,"700,000","0","37,700,000",,,,,,,,,,"-5,100,000",,,,,,,,,,,,,,,,,,,,,,,,,,,,"-800,000","-400,000","-200,000","-700,000","-2,700,000","-300,000","-2,200,000","-3,300,000","-34,100,000","-500,000","-1,000,000","8,400,000",,,,,"-2,700,000","0","0",,"-400,000","0",,,,,,,"43,300,000","-56,300,000",,,,,,,,,,,,,,
TaxRateForCalcs,"0.162","0.194","0.174","0.147","0.226","0.175","0.27","0.164","0.173","0.159","0.4","0.382","0.294","0.234","0.4","0.288","0.4","0.278","0.217","0.301","0.208","0.287","0.267","0.27","0.234","0.241","0.264","0.288","0.194","0.253","0.35","0.231","0.117","0.284","0.271","0.35","0.35","0.256","0.241","0.297","0.29","0.288","0.239","0.28","0.347","0.393","0.35","0.112","0.375","0.335","0.295","0.319","0.335","0.306","0.316","0.342","0.315","0.297","0.4","0.251","0.078","0.238","0.275","0.4","0.145","0.4","0.4","0.4","0.081","0.154","0.4","0.37","0.4","0.146","0.4","0.4","0.11","0.174","0.4","0.165","0","0.18","0.049","0","0","0","0.055","0","0","0","0.111","0","0","0","0.052","0","0","0","0.4","0.4","0.4","0.4"
TaxEffectOfUnusualItems,"0","0","0","0","0","0","0","0","0","0","0","0","0","0","-960,000","28,800","-34,280,000","0","152,112.676","0","7,841,600","0","0","0","0","0","0","0","0","0","0","0","0","0","0","0","0","0","0","0","0","0","0","0","0","0","0","0","0","0","0","0","0","0","0","0","0","0","-320,000","-100,355.366","-15,620.999","-166,393.443","-741,724.138","-120,000","-319,261.214","-1,320,000","-13,640,000","-200,000","-80,906.149","1,296,296.296","0","0","0","0","-1,080,000","0","0","0","-160,000","0","0","0","0","0","0","0","2,384,907.01","0","0","0","0","0","0","0","0","0","0","0","0","0","0","0"