name,ttm,03/31/2020,12/31/2019,09/30/2019,06/30/2019,03/31/2019,12/31/2018,09/30/2018,06/30/2018,03/31/2018,12/31/2017,09/30/2017,06/30/2017,03/31/2017,12/31/2016,09/30/2016,06/30/2016,03/31/2016,12/31/2015,09/30/2015,06/30/2015,03/31/2015,12/31/2014,09/30/2014,06/30/2014,03/31/2014,12/31/2013,09/30/2013,06/30/2013,03/31/2013,12/31/2012,09/30/2012,06/30/2012,03/31/2012,12/31/2011,09/30/2011,06/30/2011,03/31/2011,12/31/2010,09/30/2010,06/30/2010,03/31/2010,12/31/2009,09/30/2009,06/30/2009,03/31/2009,12/31/2008,09/30/2008,06/30/2008,03/31/2008,12/31/2007,09/30/2007,06/30/2007,03/31/2007,12/31/2006,09/30/2006,06/30/2006,03/31/2006,12/31/2005,09/30/2005,06/30/2005,03/31/2005,12/31/2004,09/30/2004,06/30/2004,03/31/2004,12/31/2003,09/30/2003,06/30/2003,03/31/2003,12/31/2002,09/30/2002,06/30/2002,03/31/2002,12/31/2001,09/30/2001,06/30/2001,03/31/2001,12/31/2000,09/30/2000,06/30/2000,03/31/2000,12/31/1999,09/30/1999,06/30/1999,03/31/1999,12/31/1998,09/30/1998,06/30/1998,03/31/1998,12/31/1997,09/30/1997,06/30/1997,03/31/1997,12/31/1996,09/30/1996,06/30/1996,03/31/1996,12/31/1995,09/30/1995,06/30/1995,03/31/1995,12/31/1994,09/30/1994,06/30/1994,03/31/1994,12/31/1993,09/30/1993,06/30/1993,03/31/1993,12/31/1992,09/30/1992,06/30/1992,03/31/1992,12/31/1991,09/30/1991,06/30/1991,03/31/1991,12/31/1990,09/30/1990,06/30/1990,03/31/1990,12/31/1989,09/30/1989,06/30/1989,03/31/1989,12/31/1988,09/30/1988,06/30/1988,03/31/1988,12/31/1987,09/30/1987,06/30/1987,03/31/1987,12/31/1986,09/30/1986,06/30/1986,03/31/1986,12/31/1985,09/30/1985
TotalRevenue,"3,733,600,000","923,400,000","896,200,000","914,000,000","1,000,000,000","979,700,000","910,100,000","881,300,000","906,300,000","883,100,000","778,000,000","771,400,000","750,600,000","703,800,000","654,800,000","657,400,000","673,600,000","684,000,000","714,400,000","707,400,000","728,000,000","722,500,000","762,200,000","788,000,000","789,200,000","1,104,500,000","1,063,300,000","1,061,500,000","1,126,500,000","1,089,900,000","1,080,300,000","1,142,500,000","1,343,200,000","1,421,000,000","1,264,700,000","1,321,800,000","1,329,600,000","1,254,100,000","1,070,700,000","1,059,700,000","1,011,400,000","913,690,000","774,606,000","763,644,000","828,927,000","960,378,000","1,210,757,000","1,482,684,000","1,535,549,000","1,434,670,000","1,341,037,000","1,261,239,000","1,349,231,000","1,284,513,000","965,338,000","1,272,922,000","1,388,025,000","1,347,080,000","1,281,083,000","1,258,133,000","1,324,678,000","1,304,540,000","1,187,875,000","1,096,724,000","1,130,287,000","1,098,785,000","1,021,825,000","938,012,000","990,253,000","838,007,000","644,898,000","628,591,000","660,829,000","615,757,000","573,575,000","577,698,000","634,389,000","661,516,000","631,711,000","632,243,000","693,263,000","685,791,000","631,800,000","601,700,000","636,100,000","625,400,000","653,800,000","616,800,000","701,700,000","707,400,000","671,100,000","629,900,000","676,000,000","640,600,000","615,900,000","581,400,000","601,600,000","596,000,000","556,300,000","519,500,000","585,800,000","568,900,000","503,500,000","466,300,000","494,000,000","466,500,000","439,500,000","405,500,000","441,200,000","422,500,000","398,200,000","404,000,000","419,200,000","420,900,000","388,100,000","386,700,000","436,500,000","436,200,000","435,100,000","421,500,000","435,900,000","408,500,000","326,000,000","358,300,000","413,900,000","434,700,000","409,100,000","373,500,000","390,500,000","381,000,000","334,200,000","305,000,000","302,700,000","288,500,000","237,200,000","245,500,000","287,700,000","287,700,000","253,300,000","256,100,000"
	OperatingRevenue,"3,733,600,000","923,400,000","896,200,000","914,000,000","1,000,000,000","979,700,000","910,100,000","881,300,000","906,300,000","883,100,000","778,000,000","771,400,000","750,600,000","703,800,000","654,800,000","657,400,000","673,600,000","684,000,000","714,400,000","707,400,000","728,000,000","722,500,000","762,200,000","788,000,000","789,200,000","1,104,500,000","1,063,300,000","1,061,500,000","1,126,500,000","1,089,900,000","1,080,300,000","1,142,500,000","1,343,200,000","1,421,000,000","1,264,700,000","1,321,800,000","1,329,600,000","1,254,100,000","1,070,700,000","1,059,700,000","1,011,400,000","913,690,000","774,606,000","763,644,000","828,927,000","960,378,000","1,210,757,000","1,482,684,000","1,535,549,000","1,434,670,000","1,341,037,000","1,261,239,000","1,349,231,000","1,284,513,000","965,338,000","1,272,922,000","1,388,025,000","1,347,080,000","1,281,083,000","1,258,133,000","1,324,678,000","1,304,540,000","1,187,875,000","1,096,724,000","1,130,287,000","1,098,785,000","1,021,825,000","938,012,000","990,253,000","838,007,000","644,898,000","628,591,000","660,829,000","615,757,000","573,575,000","577,698,000","634,389,000","661,516,000","631,711,000","632,243,000","693,263,000","685,791,000","631,800,000","601,700,000","636,100,000","625,400,000","653,800,000","616,800,000","701,700,000","707,400,000","671,100,000","629,900,000","676,000,000","640,600,000","615,900,000","581,400,000","601,600,000","596,000,000","556,300,000","519,500,000","585,800,000","568,900,000","503,500,000","466,300,000","494,000,000","466,500,000","439,500,000","405,500,000","441,200,000","422,500,000","398,200,000","404,000,000","419,200,000","420,900,000","388,100,000","386,700,000","436,500,000","436,200,000","435,100,000","421,500,000","435,900,000","408,500,000","326,000,000","358,300,000","413,900,000","434,700,000","409,100,000","373,500,000","390,500,000","381,000,000","334,200,000","305,000,000","302,700,000","288,500,000","237,200,000","245,500,000","287,700,000","287,700,000","253,300,000","256,100,000"
CostOfRevenue,"2,615,500,000","644,500,000","640,200,000","636,500,000","694,300,000","677,100,000","655,600,000","628,000,000","638,900,000","618,200,000","566,900,000","554,400,000","548,800,000","523,300,000","490,700,000","489,900,000","491,300,000","503,100,000","523,500,000","512,000,000","522,900,000","520,000,000","541,400,000","562,500,000","555,600,000","813,500,000","799,600,000","809,800,000","824,400,000","815,400,000","801,800,000","843,600,000","965,900,000","1,009,400,000","922,100,000","978,500,000","979,100,000","920,800,000","805,100,000","794,600,000","743,100,000","690,999,000","601,407,000","634,082,000","710,092,000","808,252,000","1,031,325,000","1,075,928,000","1,191,805,000","1,123,133,000","1,085,041,000","1,009,929,000","1,060,196,000","1,027,020,000","808,389,000","1,024,438,000","1,075,000,000","1,059,694,000","1,023,435,000","1,005,722,000","1,047,866,000","1,032,690,000","941,445,000","912,679,000","924,700,000","896,262,000","826,148,000","790,402,000","832,184,000","707,741,000","529,526,000","517,329,000","536,528,000","497,115,000","492,903,000","486,747,000","523,306,000","543,502,000","641,390,000","485,026,000","513,114,000","502,605,000","463,100,000","447,800,000","479,400,000","462,200,000","495,600,000","461,800,000","501,800,000","499,200,000","480,200,000","453,900,000","474,900,000","454,200,000","428,700,000","412,200,000","427,800,000","425,800,000","400,500,000","373,100,000","421,500,000","399,300,000","357,200,000","336,000,000","351,400,000","345,600,000","330,300,000","300,700,000","311,900,000","305,100,000","286,400,000","292,600,000","300,600,000","302,500,000","279,000,000","282,200,000","325,900,000","313,500,000","319,400,000","294,800,000","293,600,000","275,200,000","238,200,000","255,000,000","272,500,000",,,,,,,,,,,,,,,
GrossProfit,"1,118,100,000","278,900,000","256,000,000","277,500,000","305,700,000","302,600,000","254,500,000","253,300,000","267,400,000","264,900,000","211,100,000","217,000,000","201,800,000","180,500,000","164,100,000","167,500,000","182,300,000","180,900,000","190,900,000","195,400,000","205,100,000","202,500,000","220,800,000","225,500,000","233,600,000","291,000,000","263,700,000","251,700,000","302,100,000","274,500,000","278,500,000","298,900,000","377,300,000","411,600,000","342,600,000","343,300,000","350,500,000","333,300,000","265,600,000","265,100,000","268,300,000","222,691,000","173,199,000","129,562,000","118,835,000","152,126,000","179,432,000","406,756,000","343,744,000","311,537,000","255,996,000","251,310,000","289,035,000","257,493,000","156,949,000","248,484,000","313,025,000","287,386,000","257,648,000","252,411,000","276,812,000","271,850,000","246,430,000","184,045,000","205,587,000","202,523,000","195,677,000","147,610,000","158,069,000","130,266,000","115,372,000","111,262,000","124,301,000","118,642,000","80,672,000","90,951,000","111,083,000","118,014,000","-9,679,000","147,217,000","180,149,000","183,186,000","168,700,000","153,900,000","156,700,000","163,200,000","158,200,000","155,000,000","199,900,000","208,200,000","190,900,000","176,000,000","201,100,000","186,400,000","187,200,000","169,200,000","173,800,000","170,200,000","155,800,000","146,400,000","164,300,000","169,600,000","146,300,000","130,300,000","142,600,000","120,900,000","109,200,000","104,800,000","129,300,000","117,400,000","111,800,000","111,400,000","118,600,000","118,400,000","109,100,000","104,500,000","110,600,000","122,700,000","115,700,000","126,700,000","142,300,000","133,300,000","87,800,000","103,300,000","141,400,000",,,,,,,,,,,,,,,
OperatingExpense,"619,500,000","153,600,000","159,200,000","148,000,000","158,700,000","152,700,000","148,300,000","142,000,000","141,800,000","148,600,000","144,000,000","134,000,000","123,800,000","119,600,000","128,200,000","119,800,000","110,600,000","119,500,000","360,800,000","124,300,000","130,500,000","343,700,000","165,400,000","132,200,000","136,800,000","162,000,000","154,400,000","159,000,000","159,600,000","153,600,000","163,500,000","152,700,000","163,000,000","164,700,000","167,100,000","155,100,000","153,700,000","150,300,000","149,800,000","140,300,000","140,700,000","133,057,000","114,033,000","107,244,000","142,315,000","138,996,000","156,772,000","193,658,000","196,603,000","177,946,000","180,510,000","170,841,000","179,629,000","164,303,000","162,827,000","163,999,000","176,264,000","174,252,000","172,790,000","163,021,000","161,742,000","164,039,000","162,823,000","135,006,000","147,391,000","144,079,000","145,299,000","128,454,000","135,197,000","105,271,000","92,487,000","87,382,000","93,005,000","85,992,000","87,028,000","86,828,000","93,289,000","96,538,000","-20,247,000","126,592,000","128,788,000","132,366,000","132,200,000","126,800,000","124,900,000","125,900,000","129,100,000","120,400,000","125,100,000","121,900,000","121,800,000","114,500,000","117,800,000","111,000,000","114,600,000","108,900,000","109,600,000","109,800,000","107,200,000","108,400,000","106,000,000","104,400,000","100,800,000","100,500,000","100,600,000","99,700,000","95,000,000","96,900,000","100,800,000","99,800,000","99,600,000","105,400,000","105,300,000","101,000,000","98,800,000","103,200,000","101,300,000","103,700,000","104,000,000","100,200,000","94,100,000","89,400,000","88,300,000","85,500,000","84,300,000",,,,,,,,,,,,,,,
	SellingGeneralAndAdministration,"619,500,000","153,600,000","159,200,000","148,000,000","158,700,000","152,700,000","148,300,000","142,000,000","141,800,000","148,600,000","144,000,000","134,000,000","123,800,000","119,600,000","128,200,000","119,800,000","110,600,000","119,500,000","360,800,000","124,300,000","130,500,000","343,700,000","165,400,000","132,200,000","136,800,000","162,000,000","154,400,000","159,000,000","159,600,000","153,600,000","163,500,000","152,700,000","163,000,000","164,700,000","167,100,000","155,100,000","153,700,000","150,300,000","149,800,000","140,300,000","140,700,000","133,057,000","114,033,000","107,244,000","142,315,000","138,996,000","156,780,000","193,658,000","196,603,000","177,946,000","180,510,000","170,841,000","179,629,000","164,303,000","162,827,000","163,999,000","176,264,000","174,252,000","172,790,000","163,021,000","161,742,000","164,039,000","162,823,000","135,006,000","147,391,000","142,703,000","145,299,000","128,454,000","135,197,000","105,271,000","92,487,000","87,382,000","93,005,000","85,992,000","87,028,000","86,828,000","93,289,000","96,538,000","93,319,000","88,920,000","91,115,000","94,145,000","93,600,000","89,200,000","87,800,000","89,300,000","93,400,000","85,300,000","89,900,000","88,100,000","87,600,000","81,200,000","84,200,000","77,800,000","82,000,000","77,300,000","78,200,000","78,900,000","76,600,000","77,600,000","74,800,000","73,600,000","70,500,000","70,700,000","70,800,000","70,300,000","66,100,000","67,600,000","70,700,000","69,700,000","69,700,000","76,600,000","77,200,000","73,300,000","72,300,000","75,400,000","74,000,000","76,000,000","77,700,000","73,600,000","69,100,000","66,100,000","65,100,000","62,800,000","61,700,000",,,,,,,,,,,,,,,
		GeneralAndAdministrativeExpense,,,,,,,,,,,"144,000,000","134,000,000","123,800,000","119,600,000","128,200,000","119,800,000","110,600,000","119,500,000","360,800,000","124,300,000","130,500,000","343,700,000","164,700,000",,,"162,000,000",,,,,,,,,,,,,,,,,,,,,,,,,,,,,,,,,,,,,,,,,,,,,,,,,,,,,,,,,,,,,,,,,,,,,,,,,,,,,,,,,,,,,,,,,,,,,,,,,,,,,,,,,,,,,,,,,,
			SalariesAndWages,,,,,,,,,,,"0","0","0","0","16,200,000","10,300,000","400,000","1,200,000","241,800,000","3,600,000","4,400,000","215,200,000","33,000,000",,,,,,,,,,,,,,,,,,,,,,,,,,,,,,,,,,,,,,,,,,,,,,,,,,,,,,,,,,,,,,,,,,,,,,,,,,,,,,,,,,,,,,,,,,,,,,,,,,,,,,,,,,,,,,,,,,,,,
			OtherGandA,,,,,,,,,,,"144,000,000","134,000,000","123,800,000","119,600,000","112,000,000","109,500,000","110,200,000","118,300,000","119,000,000","120,700,000","126,100,000","128,500,000","131,700,000",,,"162,000,000",,,,,,,,,,,,,,,,,,,,,,,,,,,,,,,,,,,,,,,,,,,,,,,,,,,,,,,,,,,,,,,,,,,,,,,,,,,,,,,,,,,,,,,,,,,,,,,,,,,,,,,,,,,,,,,,,,
	DepreciationAmortizationDepletionIncomeStatement,,,,,,,,,,,,,,,,,,,,,,,,,,,,,,,,,,,,,,,,,,,,,,,,,,,,,,,,,,,,,,,,,,,,,,,,,,,,,,,,"37,672,000","37,673,000","38,221,000","38,600,000","37,600,000","37,100,000","36,600,000","35,700,000","35,100,000","35,200,000","33,800,000","34,200,000","33,300,000","33,600,000","33,200,000","32,600,000","31,600,000","31,400,000","30,900,000","30,600,000","30,800,000","31,200,000","30,800,000","30,300,000","29,800,000","29,800,000","29,400,000","28,900,000","29,300,000","30,100,000","30,100,000","29,900,000","28,800,000","28,100,000","27,700,000","26,500,000","27,800,000","27,300,000","27,700,000","26,300,000","26,600,000","25,000,000","23,300,000","23,200,000","22,700,000","22,600,000",,,,,,,,,,,,,,,
		DepreciationAndAmortizationInIncomeStatement,,,,,,,,,,,,,,,,,,,,,,,,,,,,,,,,,,,,,,,,,,,,,,,,,,,,,,,,,,,,,,,,,,,,,,,,,,,,,,,,"37,672,000","37,673,000","38,221,000","38,600,000","37,600,000","37,100,000","36,600,000","35,700,000","35,100,000","35,200,000","33,800,000","34,200,000","33,300,000","33,600,000","33,200,000","32,600,000","31,600,000","31,400,000","30,900,000","30,600,000","30,800,000","31,200,000","30,800,000","30,300,000","29,800,000","29,800,000","29,400,000","28,900,000","29,300,000","30,100,000","30,100,000","29,900,000","28,800,000","28,100,000","27,700,000","26,500,000","27,800,000","27,300,000","27,700,000","26,300,000","26,600,000","25,000,000","23,300,000","23,200,000","22,700,000","22,600,000",,,,,,,,,,,,,,,
	OtherOperatingExpenses,,,,,,,,,,,,,,,,,,,,,,,,,,,,,,,,,,,,,,,,,,,,,,,,,,,,,,,,,,,,,,,,,,"1,376,000",,,,,,,,,,,,,,,,,,,,,,,,,,,,,,,,,,,,,,,,,,,,,,,,,,,,,,,,,,,,,,,,,,,,,,,,,,
OperatingIncome,"498,600,000","125,300,000","96,800,000","129,500,000","147,000,000","149,900,000","106,200,000","111,300,000","125,600,000","116,300,000","67,100,000","83,000,000","78,000,000","60,900,000","35,900,000","47,700,000","71,700,000","61,400,000","-169,900,000","71,100,000","74,600,000","-141,200,000","55,400,000","93,300,000","96,800,000","129,000,000","109,300,000","92,700,000","142,500,000","120,900,000","115,000,000","146,200,000","214,300,000","246,900,000","175,500,000","188,200,000","196,800,000","183,000,000","115,800,000","124,800,000","127,600,000","89,634,000","59,166,000","22,318,000","-23,480,000","13,130,000","22,660,000","213,098,000","147,141,000","133,591,000","75,486,000","80,469,000","109,406,000","93,190,000","-5,878,000","84,485,000","136,761,000","113,134,000","84,858,000","89,390,000","115,070,000","107,811,000","83,607,000","49,039,000","58,196,000","58,444,000","50,378,000","19,156,000","22,872,000","24,995,000","22,885,000","23,880,000","31,296,000","32,650,000","-6,356,000","4,123,000","17,794,000","21,476,000","10,568,000","20,625,000","51,361,000","50,820,000","36,500,000","27,100,000","31,800,000","37,300,000","29,100,000","34,600,000","74,800,000","86,300,000","69,100,000","61,500,000","83,300,000","75,400,000","72,600,000","60,300,000","64,200,000","60,400,000","48,600,000","38,000,000","58,300,000","65,200,000","45,500,000","29,800,000","42,000,000","21,200,000","14,200,000","7,900,000","28,500,000","17,600,000","12,200,000","6,000,000","13,300,000","17,400,000","10,300,000","1,300,000","9,300,000","19,000,000","11,700,000","26,500,000","48,200,000","43,900,000","-500,000","17,800,000","57,100,000","434,700,000","-1,004,800,000","373,500,000","390,500,000","381,000,000","-847,800,000","305,000,000","302,700,000","288,500,000","-857,400,000","245,500,000","287,700,000","287,700,000","-863,400,000","256,100,000"
NetNonOperatingInterestIncomeExpense,"-66,100,000","-15,600,000","-15,200,000","-17,100,000","-18,200,000","-16,700,000","-17,900,000","-11,900,000","-10,200,000","-9,600,000","-9,700,000","-9,400,000","-7,800,000","-7,300,000","-7,600,000","-7,600,000","-8,300,000","-8,100,000","-7,700,000","-8,000,000","-7,700,000","-7,300,000","-7,000,000","-8,100,000","-4,700,000","-4,500,000","-6,500,000","-4,400,000","-5,700,000","-5,900,000","-6,200,000","-6,700,000","-7,400,000","-7,900,000","-7,400,000","-7,600,000","-7,900,000","-8,300,000","-8,100,000","-8,300,000","-9,100,000","-8,999,000","-14,045,000","-9,971,000","-7,942,000","-8,084,000",,,,,,,,,,,,,,,,,,,,,,,,,,,,,,,,,,,,,,,,,,,,,,,,,,,,,,,,,,,,,,,,,,,,,,,,,,,,,,,,,,,,,,,,,,,,,,
	InterestIncomeNonOperating,"5,100,000","1,500,000","1,400,000","1,100,000","1,100,000","1,300,000","600,000","600,000","500,000","400,000","900,000","700,000","700,000","600,000","800,000","400,000","400,000","300,000","700,000","600,000","700,000","700,000","1,300,000","1,000,000","1,100,000","1,000,000","400,000","500,000","500,000","500,000","900,000","600,000","700,000","700,000","1,200,000","1,500,000","1,400,000","1,500,000","1,400,000","800,000","900,000","559,000","650,000","348,000","549,000","390,000",,,,,,,,,,,,,,,,,,,,,,,,,,,,,,,,,,,,,,,,,,,,,,,,,,,,,,,,,,,,,,,,,,,,,,,,,,,,,,,,,,,,,,,,,,,,,,
	InterestExpenseNonOperating,"71,200,000","17,100,000","16,600,000","18,200,000","19,300,000","18,000,000","18,500,000","12,500,000","10,700,000","10,000,000","10,600,000","10,100,000","8,500,000","7,900,000","8,400,000","8,000,000","8,700,000","8,400,000","8,400,000","8,600,000","8,400,000","8,000,000","8,300,000","9,100,000","5,800,000","5,500,000","6,900,000","4,900,000","6,200,000","6,400,000","7,100,000","7,300,000","8,100,000","8,600,000","8,600,000","9,100,000","9,300,000","9,800,000","9,500,000","9,100,000","10,000,000","9,558,000","14,695,000","10,319,000","8,491,000","8,474,000",,,,,,,,,,,,,,,,,,,,,,,,,,,,,,,,,,,,,,,,,,,,,,,,,,,,,,,,,,,,,,,,,,,,,,,,,,,,,,,,,,,,,,,,,,,,,,
	TotalOtherFinanceCost,,,"15,200,000","17,100,000",,,,"11,900,000",,,,,,,,,,,,,,,,,,,,,,,,,,,,,,,,,,"8,999,000",,"9,971,000","7,942,000",,,,,,,,,,,,,,,,,,,,,,,,,,,,,,,,,,,,,,,,,,,,,,,,,,,,,,,,,,,,,,,,,,,,,,,,,,,,,,,,,,,,,,,,,,,,,,,
OtherIncomeExpense,"16,900,000","3,900,000","23,500,000","-10,200,000","-300,000","3,400,000","-8,400,000","-2,100,000","6,700,000","2,100,000","-200,000","1,600,000","3,700,000",,"3,900,000","-5,600,000","1,500,000","37,200,000","19,600,000","-5,200,000","-300,000","-7,600,000","-5,500,000","-97,600,000","-6,900,000","6,600,000","-13,300,000","-3,400,000","-7,900,000","-1,200,000","104,300,000","-10,500,000","-20,500,000","-1,500,000","-8,600,000","1,700,000","-5,100,000","-3,500,000","-7,800,000","-5,700,000","1,700,000","-6,126,000","-83,511,000","-24,132,000","-55,488,000","-7,276,000","-47,575,000","-7,901,000","-5,293,000","11,722,000","3,394,000","-24,110,000","-11,764,000","-19,913,000","-80,936,000","-5,701,000","-19,356,000","-7,159,000","75,418,000","-28,724,000","-369,000","-4,760,000","15,476,000","-8,550,000","-5,617,000","-2,755,000","-402,000","-9,342,000","-3,431,000","3,854,000","42,147,000","-11,118,000","-15,833,000","-10,525,000","22,148,000","-27,115,000","-18,544,000","-9,117,000","-11,392,000","-8,294,000","-10,229,000","-32,173,000","-1,100,000","-2,300,000","-2,000,000","-3,000,000","-2,700,000","-2,800,000","-6,800,000","-900,000","7,800,000","-2,300,000","-3,700,000","-3,000,000","-5,500,000","-3,500,000","-2,200,000","-2,800,000","-600,000","-2,400,000","-3,300,000","-3,800,000","200,000","-2,600,000",,"-100,000","-50,700,000","-3,100,000","-2,800,000","-3,300,000","-1,900,000","-3,000,000","-500,000","-1,600,000","-46,800,000","-3,900,000","-1,600,000","-2,800,000","-200,000","-2,400,000","700,000","-3,400,000","-3,100,000","-2,600,000","-3,700,000",,,,,,,,,,,,,,,
	GainOnSaleOfSecurity,,,,,,,,,,,,,,,,,,,,,,,"0",,,"22,600,000",,,,,,,,,,,,,,,,,,,,,,,,,,,,,,,,,,,,,,,,,,,,,,,,,,,,,,,,,,,,,,,,,,,,,,,,,,,,,,,,,,,,,,,,,,,,,,,,,,,,,,,,,,,,,,,,,,
	SpecialIncomeCharges,"-10,400,000","-3,600,000","-3,300,000","-1,600,000","-1,900,000","0","-1,800,000","-2,600,000","-300,000","-200,000","-500,000","-1,300,000","-800,000","-1,700,000","-3,000,000","-5,300,000","-2,900,000","-10,500,000","16,300,000","-4,400,000","-1,400,000","-6,200,000","-4,700,000","-99,400,000","-5,400,000","-15,400,000","-17,800,000","-3,700,000","-6,700,000","-1,200,000","3,000,000","-10,500,000","-20,500,000","-1,500,000","-8,600,000","1,700,000","-5,100,000","-3,500,000","-7,800,000","-5,700,000","1,700,000","-6,126,000","-83,511,000","-24,132,000","-55,488,000","-7,276,000","-47,575,000","-7,901,000","-5,293,000","11,722,000","3,394,000","-24,110,000","-11,764,000","-19,913,000","-80,936,000","-5,701,000","-19,356,000","-7,159,000","75,418,000","-28,724,000","-369,000","-4,760,000","15,476,000","-8,550,000","-5,617,000","-2,755,000","-402,000","-9,342,000","-3,431,000","3,854,000","42,147,000","-11,118,000","-15,833,000","-10,525,000","22,148,000","-27,115,000","-18,544,000","-9,117,000","-11,392,000","-8,294,000","-10,229,000","-32,173,000","-1,100,000","-2,300,000","-2,000,000","-3,000,000","-2,700,000","-2,800,000","-6,800,000","-900,000","7,800,000","-2,300,000","-3,700,000","-3,000,000","-5,500,000","-3,500,000","-2,200,000","-2,800,000","-600,000","-2,400,000","-3,300,000","-3,800,000","200,000","-2,600,000",,"-100,000","-50,700,000","-3,100,000","-2,800,000","-3,300,000","-1,900,000","-3,000,000","-500,000","-1,600,000","-46,800,000","-3,900,000","-1,600,000","-2,800,000","-200,000","-2,400,000","700,000","-3,400,000","-3,100,000","-2,600,000","-3,700,000",,,,,,,,,,,,,,,
		RestructuringAndMergernAcquisition,,"3,500,000",,,,,,,"300,000","200,000","400,000","1,300,000","800,000","1,700,000","2,900,000","4,100,000","2,900,000","7,900,000","2,700,000","4,400,000","800,000","3,500,000","4,600,000","1,400,000","4,600,000","15,400,000","17,100,000","3,700,000","6,700,000","1,200,000",,,,,,,,,,,,,,"528,000","979,000",,,,,"2,876,000","7,450,000","3,725,000","6,261,000","11,732,000","6,441,000","1,605,000","17,440,000",,"1,686,000","24,451,000","-44,000",,"9,436,000","2,939,000","329,000","730,000","16,418,000","1,883,000","853,000",,"7,157,000","7,703,000","14,226,000","3,057,000","5,284,000","24,639,000","16,859,000","7,907,000",,,,,,,,,,,,,,,,,,,,,,,,,,,,,,,,,,,,,,,,,,,,,,,,,,,,,,,,,,,,,,
		ImpairmentOfCapitalAssets,,,"3,300,000","1,600,000","1,900,000","0","1,800,000","2,600,000",,,"500,000",,"800,000","1,700,000","100,000","1,200,000",,"2,600,000","9,700,000",,"600,000","2,700,000","100,000","98,000,000","800,000","3,900,000","4,800,000","3,700,000","6,700,000","1,200,000","-22,200,000","11,900,000","16,700,000","200,000",,"1,200,000","6,200,000","1,100,000",,"2,900,000","1,000,000","5,525,000",,"19,613,000","54,915,000",,,,,,,,,,,,,,,,,,,,,,,,,,,,,,,,,,,,,,,,,,,,,,,,,,,,,,,,,,,,,,,,,,,,,,,,,,,,,,,,,,,,,,,,,,,,,,,
		WriteOff,"6,900,000","100,000","3,300,000","1,600,000","1,900,000","0","1,800,000","2,600,000",,,"500,000",,"800,000","1,700,000","100,000","1,200,000",,"2,600,000","0",,"600,000","2,700,000","100,000","98,000,000","800,000","3,900,000","4,800,000","3,700,000","6,700,000","1,200,000","700,000",,,,,,,,,,,,,,,,,,,,,,,,,,,,,,,,,,,,,,,,,,,,,,,,,,,,,,,,,,,,,,,,,,,,,,,,,,,,,,,,,,,,,,,,,,,,,,,,,,,,,,,,,,,,,
		OtherSpecialCharges,,,,,,,,,,,,,,,"-6,000,000","200,000","-6,100,000","-47,700,000",,,,,,,,,"2,300,000","100,000",,,"-111,700,000","-1,400,000","3,800,000","1,300,000",,"-2,900,000","-1,100,000",,,"2,800,000","-2,700,000","601,000",,"1,932,000","1,330,000",,,,,"-14,598,000","-10,844,000","20,385,000","5,503,000","8,181,000","74,495,000","4,096,000","1,916,000",,"-77,104,000","4,273,000","413,000",,"-24,912,000","5,611,000","5,288,000","2,025,000","-16,016,000","7,459,000","2,578,000",,"-49,304,000","3,415,000","1,607,000","7,468,000","-27,432,000","2,476,000","1,685,000","1,210,000",,,,,,,,,,,,,,,,,,,,,,,,,,,,,,,,,,,,,,,,,,,,,,,,,,,,,,,,,,,,,,
		GainOnSaleOfBusiness,,,,,,,,,,,,,,,"0",,"0",,"29,000,000",,,,,,,,,,,,,,,,,,,,,,,,,,,,,,,,,,,,,,,,,,,,,,,,,,,,,,,,,,,,,,,,,,,,,,,,,,,,,,,,,,,,,,,,,,,,,,,,,,,,,,,,,,,,,,,,,,,,,,,,,
		GainOnSaleOfPPE,,,,,,,,,,,,,,,,,,,,"0","0","0","0","0","0","22,600,000",,,,,,,,,,,,,,,,,,,,,,,,,,,,,,,,,,,,,,,,,,,,,,,,,,,,,,,,,,,,,,,,,,,,,,,,,,,,,,,,,,,,,,,,,,,,,,,,,,,,,,,,,,,,,,,,,,
	OtherNonOperatingIncomeExpenses,"27,300,000","7,500,000","26,800,000","-8,600,000","1,600,000","3,400,000","-6,600,000","500,000","7,000,000","2,300,000","300,000","2,900,000","4,500,000","1,700,000","6,900,000","-300,000","4,400,000","47,700,000","3,300,000","-800,000","1,100,000","-1,400,000","-800,000","1,800,000","-1,500,000","-600,000","-900,000","300,000","-1,200,000",,"-3,600,000",,,,,,,,,,,,,,,,,,,,,,,,,,,,,,,,,,,,,,,,,,,,,,,,,,,,,,,,,,,,,,,,,,,,,,,,,,,,,,,,,,,,,,,,,,,,,,,,,,,,,,,,,,,,,
PretaxIncome,"449,400,000","113,600,000","105,100,000","102,200,000","128,500,000","136,600,000","79,900,000","97,300,000","122,100,000","108,800,000","57,200,000","75,200,000","73,900,000","53,600,000","32,200,000","34,500,000","64,900,000","90,500,000","-158,000,000","57,900,000","66,600,000","-156,100,000","42,900,000","-12,400,000","85,200,000","131,100,000","89,500,000","84,900,000","128,900,000","113,800,000","104,500,000","128,100,000","295,900,000","237,500,000","159,500,000","182,300,000","183,800,000","171,200,000","99,900,000","110,800,000","120,200,000","74,509,000","-38,390,000","-11,785,000","-86,910,000","-2,230,000","-42,534,000","198,897,000","133,527,000","135,705,000","68,245,000","56,309,000","89,717,000","67,986,000","-15,898,000","69,011,000","105,708,000","95,413,000","149,285,000","48,698,000","101,614,000","90,949,000","84,821,000","28,166,000","40,872,000","45,219,000","37,494,000","-2,125,000","6,535,000","18,898,000","58,173,000","4,984,000","7,891,000","14,470,000","8,643,000","-30,851,000","-8,629,000","3,954,000","-3,117,000","9,438,000","37,543,000","26,733,000","29,800,000","18,600,000","23,000,000","27,600,000","19,100,000","25,300,000","61,500,000","79,500,000","71,700,000","54,000,000","74,000,000","67,000,000","61,400,000","52,100,000","57,800,000","53,800,000","43,400,000","30,800,000","50,100,000","55,900,000","40,300,000","22,200,000","35,300,000","13,600,000","-42,900,000","-2,600,000","18,300,000","6,200,000","2,900,000","-4,600,000","6,200,000","9,000,000","-44,000,000","-8,700,000","1,800,000","8,800,000","3,400,000","17,300,000","43,500,000","34,600,000","-7,100,000","11,500,000","48,800,000",,,,,,,,,,,,,,,
TaxProvision,"86,000,000","29,600,000","-12,700,000","35,500,000","33,600,000","41,300,000","19,100,000","25,000,000","30,200,000","28,300,000","29,100,000","21,100,000","-8,100,000","15,500,000","8,100,000","13,500,000","20,000,000","27,600,000","-122,600,000","-6,600,000","28,900,000","-21,300,000","1,300,000","-2,200,000","27,600,000","47,300,000","36,800,000","32,400,000","46,100,000","38,800,000","29,100,000","47,000,000","112,500,000","81,500,000","51,200,000","70,100,000","61,500,000","57,400,000","13,300,000","38,600,000","38,200,000","45,854,000","-31,093,000","7,116,000","-23,040,000","2,848,000","-6,382,000","68,484,000","44,584,000","51,240,000","19,954,000","15,066,000","34,116,000","-6,268,000","-5,160,000","22,465,000","31,017,000","29,473,000","54,404,000","8,867,000","34,280,000","32,714,000","20,439,000","10,703,000","15,531,000","17,450,000","14,998,000","-850,000","2,614,000","7,559,000","21,707,000","3,147,000","3,931,000","5,282,000","7,425,000","-319,000","5,945,000","1,732,000","-4,040,000","1,753,000","16,303,000","10,693,000","8,500,000","6,200,000","10,700,000","11,000,000","6,000,000","11,700,000","22,800,000","30,400,000","24,100,000","16,200,000","29,100,000","25,900,000","22,400,000","20,300,000","23,300,000","20,200,000","15,500,000","11,800,000","18,900,000","21,600,000","14,500,000","7,900,000","14,700,000","5,900,000","-12,900,000","-2,200,000","8,700,000","3,000,000","2,700,000","-700,000","2,800,000","4,100,000","-7,800,000","-4,700,000","1,100,000","5,000,000","1,200,000","8,800,000","18,100,000","15,500,000","2,800,000","4,200,000","18,600,000",,,,,,,,,,,,,,,
NetIncomeCommonStockholders,"350,900,000","80,700,000","113,500,000","64,200,000","92,500,000","91,900,000","60,000,000","71,600,000","91,000,000","80,200,000","29,200,000","53,500,000","82,500,000","38,200,000","24,100,000","20,600,000","44,900,000","63,000,000","-35,700,000","63,400,000","36,700,000","-135,200,000","46,500,000","-21,900,000","62,700,000","83,400,000","52,500,000","52,100,000","82,700,000","75,000,000","73,800,000","80,900,000","183,600,000","155,700,000","109,100,000","111,000,000","121,500,000","112,700,000","90,300,000","70,300,000","85,600,000","28,617,000","-20,186,000","-50,128,000","-64,517,000","870,000","-36,151,000","130,413,000","88,943,000","84,465,000","48,291,000","41,243,000","55,326,000","75,194,000","35,350,000","46,546,000","74,691,000","65,940,000","94,881,000","39,831,000","67,334,000","58,235,000","64,382,000","17,463,000","25,341,000","28,470,000","22,496,000","-1,275,000","3,921,000","11,339,000","36,466,000","-10,865,000","3,960,000","9,188,000","1,218,000","-30,532,000","-14,574,000","2,222,000","923,000","7,685,000","21,240,000","16,040,000","21,300,000","12,400,000","12,300,000","16,600,000","13,100,000","13,600,000","38,700,000","49,100,000","47,600,000","37,800,000","44,900,000","41,100,000","39,000,000","31,800,000","34,500,000","33,600,000","27,900,000","19,000,000","31,200,000","34,300,000","25,800,000","14,300,000","20,600,000","7,700,000","-30,000,000","-400,000","9,600,000","-251,100,000","200,000","-3,900,000","3,400,000","4,900,000","-36,200,000","-4,000,000","700,000","3,800,000","2,200,000","8,500,000","25,400,000","19,100,000","-9,900,000","7,300,000","30,200,000",,,,,,,,,,,,,,,
	NetIncome,"350,900,000","80,700,000","113,500,000","64,200,000","92,500,000","91,900,000","60,000,000","71,600,000","91,000,000","80,200,000","29,200,000","53,500,000","82,500,000","38,200,000","24,100,000","20,600,000","44,900,000","63,000,000","-35,700,000","63,400,000","36,700,000","-135,200,000","46,500,000","-21,900,000","62,700,000","83,500,000","52,600,000","52,200,000","82,800,000","75,100,000","75,300,000","80,900,000","183,600,000","155,700,000","109,100,000","111,000,000","121,500,000","112,700,000","90,300,000","70,300,000","85,600,000","28,617,000","-20,186,000","-50,128,000","-64,517,000","870,000","-36,151,000","130,413,000","88,943,000","84,465,000","48,291,000","41,243,000","55,326,000","75,194,000","35,350,000","46,546,000","74,691,000","65,940,000","94,881,000","39,831,000","67,334,000","58,235,000","64,382,000","17,463,000","25,341,000","28,470,000","22,496,000","-1,275,000","3,921,000","11,339,000","36,466,000","-10,865,000","3,960,000","9,188,000","1,218,000","-30,532,000","-14,574,000","2,222,000","923,000","7,685,000","21,240,000","16,040,000","21,300,000","12,400,000","12,300,000","16,600,000","13,100,000","13,600,000","38,700,000","49,100,000","47,600,000","37,800,000","44,900,000","41,100,000","39,000,000","31,800,000","34,500,000","33,600,000","27,900,000","19,000,000","31,200,000","34,300,000","25,800,000","14,300,000","20,600,000","7,700,000","-30,000,000","-400,000","9,600,000","-251,100,000","200,000","-3,900,000","3,400,000","4,900,000","-36,200,000","-4,000,000","700,000","3,800,000","2,200,000","8,500,000","25,400,000","19,100,000","-9,900,000","7,300,000","30,200,000",,,,,,,,,,,,,,,
		NetIncomeIncludingNoncontrollingInterests,"363,400,000","84,000,000","117,800,000","66,700,000","94,900,000","95,300,000","60,800,000","72,300,000","91,900,000","80,500,000","28,100,000","54,100,000","82,000,000","38,100,000","24,100,000","21,000,000","44,900,000","62,900,000","-35,400,000","64,500,000","37,700,000","-134,800,000","46,900,000","-21,200,000","63,800,000","83,800,000","52,700,000","52,500,000","82,800,000","75,000,000","75,400,000","81,100,000","183,400,000","156,000,000","108,300,000","112,200,000","122,300,000","113,800,000","90,600,000","71,100,000","86,200,000","28,991,000","-19,974,000","-49,704,000","-63,870,000","-5,078,000","-36,151,000","130,413,000","88,943,000","84,465,000","48,291,000","41,243,000","55,326,000","75,194,000","35,350,000","46,546,000","74,691,000","65,940,000","94,881,000","39,831,000","67,334,000","58,235,000","64,382,000","17,463,000","25,341,000","28,470,000","22,496,000","-1,275,000","3,921,000","11,339,000","36,466,000","-10,865,000","3,960,000","9,188,000","1,218,000","-30,532,000","-14,574,000","2,222,000","923,000","7,685,000","21,240,000","16,040,000","21,300,000","12,400,000","12,300,000","16,600,000","13,100,000","13,600,000","38,700,000","49,100,000","47,600,000","37,800,000","44,900,000","41,100,000","39,000,000","31,800,000","34,500,000","33,600,000","27,900,000","19,000,000","31,200,000","34,300,000","25,800,000","14,300,000","20,600,000","7,700,000","-30,000,000","-400,000","9,600,000","-251,100,000","200,000","-3,900,000","3,400,000","4,900,000","-36,200,000","-4,000,000","700,000","3,800,000","2,200,000","8,500,000","25,400,000","19,100,000","-9,900,000","7,300,000","30,200,000","27,700,000","24,800,000","8,700,000","17,700,000","14,700,000","8,000,000","700,000","6,600,000","-5,000,000","-47,100,000","-23,200,000","-6,200,000","-6,200,000","-15,000,000","-4,900,000"
			NetIncomeContinuousOperations,"363,400,000","84,000,000","117,800,000","66,700,000","94,900,000","95,300,000","60,800,000","72,300,000","91,900,000","80,500,000","28,100,000","54,100,000","82,000,000","38,100,000","24,100,000","21,000,000","44,900,000","62,900,000","-35,400,000","64,500,000","37,700,000","-134,800,000","41,600,000","-10,200,000","57,600,000","83,800,000","52,700,000","52,500,000","82,800,000","75,000,000","75,400,000","81,100,000","183,400,000","156,000,000","108,300,000","112,200,000","122,300,000","113,800,000","86,600,000","72,200,000","82,000,000","28,655,000","-2,632,000","-18,901,000","-63,870,000","-5,078,000","-36,151,000","130,413,000","88,943,000","84,465,000","48,291,000","41,243,000","55,601,000","74,254,000","-10,738,000","46,546,000","74,691,000","65,940,000","94,881,000","39,831,000","67,334,000","58,235,000","64,382,000","17,463,000","25,341,000","28,470,000","22,496,000","-1,275,000","3,921,000","11,339,000","36,466,000","1,837,000","3,960,000","9,188,000","1,218,000","-30,532,000","-14,574,000","2,222,000","923,000","7,685,000","21,240,000","16,040,000","21,300,000","12,400,000","12,300,000","16,600,000","13,100,000","13,600,000","38,700,000","49,100,000","47,600,000","37,800,000","44,900,000","41,100,000","39,000,000","31,800,000","34,500,000","33,600,000","27,900,000","19,000,000","31,200,000","34,300,000","25,800,000","14,300,000","20,600,000","7,700,000","-30,000,000","-400,000","9,600,000","3,200,000","200,000","-3,900,000","3,400,000","4,900,000","-36,200,000","-4,000,000","700,000","3,800,000","2,200,000","8,500,000","25,400,000","19,100,000","-9,900,000","7,300,000","30,200,000","27,700,000","24,800,000","8,700,000","17,700,000","14,700,000","8,000,000","700,000","6,600,000","-5,000,000","-47,100,000","-23,200,000","-6,200,000","-6,200,000","-15,000,000","-4,900,000"
			NetIncomeDiscontinuousOperations,,,,,,,,,,,,,,,,,,,"0","0","0","0","5,300,000","-11,000,000","6,200,000",,,,,,,,,,"0","0","0","0","4,000,000","-1,100,000","4,200,000","336,000","-12,677,000","-30,803,000",,,,,,,"0",,"-275,000","940,000",,,,,,,,,,,,,,,,,,,,,,,,,,,,,,,,,,,,,,,,,,,,,,,,,,,,,,,,,,,,,,,,,,,,,,,,,,,,,,,,,,,,,,
			NetIncomeExtraordinary,,,,,,,,,,,,,,,,,,,,,,,,,,,,,,,,,,,,,,,,,,,,,,,,,,,,,,,,,,,,,,,,,,,,,,,"0","-12,702,000",,,,,,,,,,,,,,,,,,,,,,,,,,,,,,,,,,,"0",,,"-254,300,000",,,,,,,,,,,,,,,,,,,,,,,,,,,,,,
		MinorityInterests,"-12,500,000","-3,300,000","-4,300,000","-2,500,000","-2,400,000","-3,400,000","-800,000","-700,000","-900,000","-300,000","1,100,000","-600,000","500,000","100,000","0","-400,000","0","100,000","-300,000","-1,100,000","-1,000,000","-400,000","-400,000","-700,000","-1,100,000","-300,000","-100,000","-300,000","0","100,000","-100,000","-200,000","200,000","-300,000","800,000","-1,200,000","-800,000","-1,100,000","-300,000","-800,000","-600,000","-374,000","-212,000","-424,000","-647,000","5,948,000",,,,,,,,,,,,,,,,,,,,,,,,,,,,,,,,,,,,,,,,,,,,,,,,,,,,,,,,,,,,,,,,,,,,,,,,,,,,,,,,,,,,,,,,,,,,,,
	OtherunderPreferredStockDividend,,,,"0","0","0","0","0","0","0","0","0","0","0","0","0","0","0",,,,,,,,"100,000","100,000","100,000","100,000","100,000",,,,,,,,,,,,,,,,,,,,,,,,,,,,,,,,,,,,,,,,,,,,,,,,,,,,,,,,,,,,,,,,,,,,,,,,,,,,,,,,,,,,,,,,,,,,,,,,,,,,,,,,,,,,,,
DilutedNIAvailtoComStockholders,"350,900,000","80,700,000","113,500,000","64,200,000","92,500,000","91,900,000","60,000,000","71,600,000","91,000,000","80,200,000","29,200,000","53,500,000","82,500,000","38,200,000","24,100,000","20,600,000","44,900,000","63,000,000","-35,700,000","63,400,000","36,700,000","-135,200,000","46,500,000","-21,900,000","62,700,000","83,400,000","52,500,000","52,100,000","82,700,000","75,000,000","73,800,000","80,900,000","183,600,000","155,700,000","109,100,000","111,000,000","121,500,000","112,700,000","90,300,000","70,300,000","85,600,000","28,617,000","-20,186,000","-50,128,000","-64,517,000","870,000","-36,151,000","130,413,000","88,943,000","84,465,000","48,291,000","41,243,000","55,326,000","75,194,000","35,350,000","46,546,000","74,691,000","65,940,000","94,881,000","39,831,000","67,334,000","58,235,000","64,382,000","17,463,000","25,341,000","28,470,000","22,496,000","-1,275,000","3,921,000","11,339,000","36,466,000","-10,865,000","3,960,000","9,188,000","1,218,000","-30,532,000","-14,574,000","2,222,000","923,000","7,685,000","21,240,000","16,040,000","21,300,000","12,400,000","12,300,000","16,600,000","13,100,000","13,600,000","38,700,000","49,100,000","47,600,000","37,800,000","44,900,000","41,100,000","39,000,000","31,800,000","34,500,000","33,600,000","27,900,000","19,000,000","31,200,000","34,300,000","25,800,000","14,300,000","20,600,000","7,700,000","-30,000,000","-400,000","9,600,000","-251,100,000","200,000","-3,900,000","3,400,000","4,900,000","-36,200,000","-4,000,000","700,000","3,800,000","2,200,000","8,500,000","25,400,000","19,100,000","-9,900,000","7,300,000","30,200,000",,,,,,,,,,,,,,,
BasicEPS,,"1.07","1.51","0.85","1.22","1.21","0.78","0.93","1.18","1.03","0.38","0.69","1.06","0.49","0.31","0.26","0.57","0.79","-0.44","0.76","0.43","-1.54","0.47","-0.16","0.69","0.9","0.56","0.55","0.86","0.78","0.79","0.84","1.88","1.59",,"1.13","1.24","1.15",,"0.73","0.88","0.3",,"-0.52","-0.67","0.01",,"1.36","0.93","0.89",,"0.43","0.59","0.8",,"0.5","0.8","0.71",,"0.43","0.74","0.64",,"0.19","0.28","0.32",,"-0.01","0.05","0.15",,"-0.18","0.07","0.15",,"-0.51","-0.24","0.04",,"0.13","0.35","0.26",,"0.2","0.2","0.27",,"0.22","0.62","0.79",,"0.6","0.72","0.66",,"0.51","0.55","0.54",,"0.31","0.5","0.55",,"0.23","0.34","0.13",,"-0.01","0.16","-4.11",,"-0.07","0.06","0.08",,"-0.07","0.02","0.07",,"0.15","0.43","0.32",,"0.12","0.53","0.49",,"0.16","0.32","0.27",,"0.02","0.13","-0.1",,"-0.47","-0.13","-0.13",,"-0.11"
DilutedEPS,,"1.06","1.48","0.84","1.2","1.19","0.77","0.91","1.16","1.02","0.37","0.68","1.04","0.48","0.31","0.26","0.57","0.78","-0.44","0.75","0.43","-1.54","0.47","-0.16","0.68","0.9","0.55","0.54","0.86","0.77","0.78","0.83","1.86","1.58",,"1.12","1.22","1.13",,"0.72","0.88","0.3",,"-0.52","-0.67","0.01",,"1.35","0.92","0.88",,"0.43","0.58","0.79",,"0.49","0.79","0.7",,"0.43","0.73","0.63",,"0.19","0.28","0.32",,"-0.01","0.05","0.15",,"-0.18","0.07","0.15",,"-0.51","-0.24","0.04",,"0.13","0.35","0.26",,"0.2","0.2","0.27",,"0.22","0.61","0.78",,"0.6","0.72","0.66",,"0.51","0.55","0.54",,"0.31","0.5","0.55",,"0.23","0.34","0.13",,"-0.01","0.16","-4.11",,"-0.07","0.06","0.08",,"-0.07","0.02","0.07",,"0.15","0.43","0.32",,"0.12","0.53","0.49",,"0.16","0.32","0.26",,"0.02","0.13","-0.1",,"-0.47","-0.13","-0.13",,"-0.11"
BasicAverageShares,,"75,461,254","75,383,088","75,628,410","76,085,358","75,986,285","76,522,399","76,903,395","77,360,159","77,734,153","77,622,730","77,694,974","77,931,576","77,731,793","77,599,869","77,935,783","78,671,509","79,769,761","81,845,054","83,671,931","85,326,526","87,670,640","88,633,324","89,683,436","90,859,587","92,172,595","93,868,899","94,667,659","95,695,015","95,848,450","95,631,452","96,356,772","97,265,627","97,451,935",,"97,489,819","97,644,773","97,444,389",,"96,400,592","96,305,087","96,360,137",,"96,176,091","96,147,809","96,028,860",,"95,878,978","95,637,634","94,904,494",,"95,913,953","93,772,881","93,992,500",,"93,500,491","93,261,154","92,942,082",,"91,688,231","91,189,208","90,804,936",,"90,166,612","89,698,030","89,265,382",,"85,568,394","85,520,667","74,444,132",,"61,091,924","60,239,065","59,914,680",,"59,958,690","60,015,025","59,981,237",,"60,283,189","60,837,740","61,099,962",,"62,000,000","61,500,000","61,481,481",,"61,818,182","62,419,355","62,151,899",,"63,000,000","62,361,111","62,272,727",,"62,352,941","62,727,273","62,222,222",,"61,290,323","62,400,000","62,363,636",,"62,173,913","60,588,235","59,230,769",,"61,164,557","60,000,000","61,094,891",,"55,714,286","56,666,667","61,250,000",,"57,142,857","54,285,714","54,285,714",,"56,666,667","59,069,767","59,687,500",,"60,833,333","56,981,132","56,626,000",,"56,136,000","56,136,000","55,980,000",,"55,888,000","50,392,000","50,392,000",,"50,236,000","48,932,000","48,700,000",,"48,268,000"
DilutedAverageShares,,"76,308,556","76,823,213","76,592,694","77,208,432","77,012,573","77,454,033","78,428,105","78,496,298","79,013,185","78,952,427","78,804,296","79,029,397","78,893,954","78,482,319","78,617,476","79,312,774","80,437,533","81,845,054","84,145,751","86,156,775","87,670,640","89,572,040","89,683,436","91,726,593","93,088,111","94,636,017","95,408,069","96,549,121","96,823,483","96,553,289","97,123,173","98,204,205","98,587,622",,"98,485,840","98,899,992","98,895,826",,"97,411,682","96,876,677","96,700,256",,"96,176,091","96,147,809","96,028,860",,"96,468,621","96,677,174","95,982,955",,"95,913,953","95,389,655","95,182,278",,"94,376,937","94,313,670","94,010,483",,"91,688,231","92,238,356","92,436,508",,"90,166,612","90,552,362","90,137,140",,"85,568,394","85,760,495","74,613,170",,"61,091,924","61,038,029","60,395,183",,"60,086,662","60,276,721","60,122,806",,"60,422,761","61,103,848","61,237,143",,"62,000,000","61,500,000","61,481,481",,"61,818,182","63,442,623","62,948,718",,"63,000,000","62,361,111","62,272,727",,"62,352,941","62,727,273","62,222,222",,"61,290,323","62,400,000","62,363,636",,"62,173,913","60,588,235","59,230,769",,"61,164,557","60,000,000","61,094,891",,"55,714,286","56,666,667","61,250,000",,"57,142,857","54,285,714","54,285,714",,"56,666,667","59,069,767","59,687,500",,"60,833,333","56,981,132","56,626,000",,"56,136,000","56,136,000","55,980,000",,"55,888,000","50,392,000","50,392,000",,"50,236,000","48,932,000","48,700,000",,"48,268,000"
TotalOperatingIncomeAsReported,"488,200,000","121,700,000","93,500,000","127,900,000","145,100,000","149,900,000","104,400,000","108,700,000","125,300,000","116,100,000","66,600,000","81,700,000","77,200,000","59,200,000","32,900,000","42,400,000","68,800,000","50,900,000","-143,900,000","66,700,000","73,200,000","-147,400,000","50,700,000","-6,100,000","91,400,000","113,600,000","91,500,000","89,000,000","135,800,000","119,700,000","114,300,000","134,300,000","197,600,000","246,700,000","169,600,000","187,000,000","190,600,000","181,900,000","103,500,000","121,900,000","126,600,000","84,109,000","-20,886,000","2,705,000","-78,395,000","-1,614,000","-33,718,000","209,768,000","145,334,000","130,723,000","67,918,000","68,477,000","102,190,000","79,060,000","-93,868,000","81,803,000","119,321,000","112,094,000","83,172,000","64,939,000","115,114,000","107,811,000","74,171,000","46,100,000","57,867,000","59,090,000","33,960,000","17,273,000","22,019,000","24,995,000","15,728,000","16,177,000","17,070,000","29,593,000","-11,640,000","-20,516,000","935,000","13,569,000","4,348,000","17,172,000","48,039,000","36,061,000","36,500,000","27,100,000","31,800,000","37,300,000","29,100,000","34,600,000","74,800,000","86,300,000","69,100,000","61,500,000","83,300,000","75,400,000","72,600,000","60,300,000","64,200,000","60,400,000","48,600,000","38,000,000","58,300,000","65,200,000","45,500,000","29,800,000","42,000,000","21,200,000","14,200,000","7,900,000","28,500,000","17,600,000","12,200,000","6,000,000","13,300,000","17,400,000","10,300,000","1,300,000","9,300,000","19,000,000","11,700,000","26,500,000","48,200,000","43,900,000","-500,000","17,800,000","57,100,000",,,,,,,,,,,,,,,
TotalExpenses,"3,235,000,000","798,100,000","799,400,000","784,500,000","853,000,000","829,800,000","803,900,000","770,000,000","780,700,000","766,800,000","710,900,000","688,400,000","672,600,000","642,900,000","618,900,000","609,700,000","601,900,000","622,600,000","884,300,000","636,300,000","653,400,000","863,700,000","706,800,000","694,700,000","692,400,000","975,500,000","954,000,000","968,800,000","984,000,000","969,000,000","965,300,000","996,300,000","1,128,900,000","1,174,100,000","1,089,200,000","1,133,600,000","1,132,800,000","1,071,100,000","954,900,000","934,900,000","883,800,000","824,056,000","715,440,000","741,326,000","852,407,000","947,248,000","1,188,097,000","1,269,586,000","1,388,408,000","1,301,079,000","1,265,551,000","1,180,770,000","1,239,825,000","1,191,323,000","971,216,000","1,188,437,000","1,251,264,000","1,233,946,000","1,196,225,000","1,168,743,000","1,209,608,000","1,196,729,000","1,104,268,000","1,047,685,000","1,072,091,000","1,040,341,000","971,447,000","918,856,000","967,381,000","813,012,000","622,013,000","604,711,000","629,533,000","583,107,000","579,931,000","573,575,000","616,595,000","640,040,000","621,143,000","611,618,000","641,902,000","634,971,000","595,300,000","574,600,000","604,300,000","588,100,000","624,700,000","582,200,000","626,900,000","621,100,000","602,000,000","568,400,000","592,700,000","565,200,000","543,300,000","521,100,000","537,400,000","535,600,000","507,700,000","481,500,000","527,500,000","503,700,000","458,000,000","436,500,000","452,000,000","445,300,000","425,300,000","397,600,000","412,700,000","404,900,000","386,000,000","398,000,000","405,900,000","403,500,000","377,800,000","385,400,000","427,200,000","417,200,000","423,400,000","395,000,000","387,700,000","364,600,000","326,500,000","340,500,000","356,800,000",,,,,,,,,,,,,,,
NetIncomeFromContinuingAndDiscontinuedOperation,"350,900,000","80,700,000","113,500,000","64,200,000","92,500,000","91,900,000","60,000,000","71,600,000","91,000,000","80,200,000","29,200,000","53,500,000","82,500,000","38,200,000","24,100,000","20,600,000","44,900,000","63,000,000","-35,700,000","63,400,000","36,700,000","-135,200,000","46,500,000","-21,900,000","62,700,000","83,500,000","52,600,000","52,200,000","82,800,000","75,100,000","75,300,000","80,900,000","183,600,000","155,700,000","109,100,000","111,000,000","121,500,000","112,700,000","90,300,000","70,300,000","85,600,000","28,617,000","-15,521,000","-50,128,000","-64,517,000","870,000","-36,151,000","130,413,000","88,943,000","84,465,000","48,291,000","41,243,000","55,326,000","75,194,000","35,350,000","46,546,000","74,691,000","65,940,000","94,881,000","39,831,000","67,334,000","58,235,000","64,382,000","17,463,000","25,341,000","28,470,000","22,496,000","-1,275,000","3,921,000","11,339,000","36,466,000","1,837,000","3,960,000","9,188,000","1,218,000","-30,532,000","-14,574,000","2,222,000","923,000","7,685,000","21,240,000","16,040,000","21,300,000","12,400,000","12,300,000","16,600,000","13,100,000","13,600,000","38,700,000","49,100,000","47,600,000","37,800,000","44,900,000","41,100,000","39,000,000","31,800,000","34,500,000","33,600,000","27,900,000","19,000,000","31,200,000","34,300,000","25,800,000","14,300,000","20,600,000","7,700,000","-30,000,000","-400,000","9,600,000","3,200,000","200,000","-3,900,000","3,400,000","4,900,000","-36,200,000","-4,000,000","700,000","3,800,000","2,200,000","8,500,000","25,400,000","19,100,000","-9,900,000","7,300,000","30,200,000",,,,,,,,,,,,,,,
NormalizedIncome,"359,309,790.832","83,360,400","115,909,000","65,244,227.006","93,904,100","91,900,000","61,369,712.14","73,531,800","91,225,900","80,348,000","29,500,000","54,434,700","82,980,000","39,408,700","26,345,341.615","23,827,700","46,906,800","70,297,500","-45,480,000","66,040,000","37,540,000","-129,843,200","45,757,575.758","70,906,200","60,150,400","78,899,200","64,170,000","54,486,600","87,101,400","75,890,800","73,135,406.699","87,547,540.984","196,305,981.751","156,685,263.158","114,939,373.041","109,953,702.688","124,893,525.571","115,026,518.692","93,061,561.562","75,114,259.928","80,240,266.223","32,262,900","51,438,150","-3,639,200","-23,738,970.314","5,599,400","4,285,624.818","135,593,536.222","92,468,693.672","77,169,036.476","45,889,363.924","58,902,143.831","62,891,593.355","87,197,450","43,928,673.041","50,391,165.93","88,367,533.432","70,887,590.58","46,947,615.815","63,324,893.877","67,578,515.972","61,282,846.595","52,635,193.997","22,764,024.285","28,823,589.474","30,161,846.237","22,737,200","4,330,200","5,979,600","9,026,559.213","10,045,968.336","8,507,800","13,459,800","15,871,047.685","-12,070,800","-3,697,369.68","-3,447,600","7,692,200","7,758,200","14,438,484.848","27,377,400","35,344,040.699","22,086,241.611","13,933,333.333","13,500,000","18,404,347.826","14,951,832.461","15,280,000","42,979,024.39","49,655,849.057","42,421,757.322","39,410,000","47,145,000","42,940,298.507","42,493,485.342","33,936,276.392","35,820,000","35,348,698.885","28,285,714.286","20,480,519.481","33,255,089.82","36,631,663.685","25,671,960.298","15,974,774.775","20,600,000","7,760,000","5,454,545.455","1,460,000","11,280,000","5,180,000","1,340,000","-1,356,521.739","3,700,000","5,860,000","2,303,636.364","-1,660,000","1,660,000","5,480,000","2,329,411.765","9,940,000","24,980,000","21,140,000","-8,040,000","8,950,434.783","32,489,754.098",,,,,,,,,,,,,,,
InterestIncome,"5,100,000","1,500,000","1,400,000","1,100,000","1,100,000","1,300,000","600,000","600,000","500,000","400,000","900,000","700,000","700,000","600,000","800,000","400,000","400,000","300,000","700,000","600,000","700,000","700,000","1,300,000","1,000,000","1,100,000","1,000,000","400,000","500,000","500,000","500,000","900,000","600,000","700,000","700,000","1,200,000","1,500,000","1,400,000","1,500,000","1,400,000","800,000","900,000","559,000","650,000","348,000","549,000","390,000",,,,,,,,,,,,,,,,,,,,,,,,,,,,,,,,,,,,,,,,,,,,,,,,,,,,,,,,,,,,,,,,,,,,,,,,,,,,,,,,,,,,,,,,,,,,,,
InterestExpense,"71,200,000","17,100,000","16,600,000","18,200,000","19,300,000","18,000,000","18,500,000","12,500,000","10,700,000","10,000,000","10,600,000","10,100,000","8,500,000","7,900,000","8,400,000","8,000,000","8,700,000","8,400,000","8,400,000","8,600,000","8,400,000","8,000,000","8,300,000","9,100,000","5,800,000","5,500,000","6,900,000","4,900,000","6,200,000","6,400,000","7,100,000","7,300,000","8,100,000","8,600,000","8,600,000","9,100,000","9,300,000","9,800,000","9,500,000","9,100,000","10,000,000","9,558,000","14,695,000","10,319,000","8,491,000","8,474,000",,,,,,,,,,,,,,,,,,,,,,,,,,,,,,,,,,,,,,,,,,,,,,,,,,,,,,,,,,,,,,,,,,,,,,,,,,,,,,,,,,,,,,,,,,,,,,
NetInterestIncome,"-66,100,000","-15,600,000","-15,200,000","-17,100,000","-18,200,000","-16,700,000","-17,900,000","-11,900,000","-10,200,000","-9,600,000","-9,700,000","-9,400,000","-7,800,000","-7,300,000","-7,600,000","-7,600,000","-8,300,000","-8,100,000","-7,700,000","-8,000,000","-7,700,000","-7,300,000","-7,000,000","-8,100,000","-4,700,000","-4,500,000","-6,500,000","-4,400,000","-5,700,000","-5,900,000","-6,200,000","-6,700,000","-7,400,000","-7,900,000","-7,400,000","-7,600,000","-7,900,000","-8,300,000","-8,100,000","-8,300,000","-9,100,000","-8,999,000","-14,045,000","-9,971,000","-7,942,000","-8,084,000",,,,,,,,,,,,,,,,,,,,,,,,,,,,,,,,,,,,,,,,,,,,,,,,,,,,,,,,,,,,,,,,,,,,,,,,,,,,,,,,,,,,,,,,,,,,,,
EBIT,"520,600,000","130,700,000","121,700,000","120,400,000","147,800,000","154,600,000","98,400,000","109,800,000","132,800,000","118,800,000","67,800,000","85,300,000","82,400,000","61,500,000","40,600,000","42,500,000","73,600,000","98,900,000","-149,600,000","66,500,000","75,000,000","-148,100,000","51,200,000","-3,300,000","91,000,000","136,600,000","96,400,000","89,800,000","135,100,000","120,200,000","111,600,000","135,400,000","304,000,000","246,100,000","168,100,000","191,400,000","193,100,000","181,000,000","109,400,000","119,900,000","130,200,000","84,067,000","-23,695,000","-1,466,000","-78,419,000","6,244,000","-23,300,000","213,098,000","147,141,000","133,591,000","75,486,000","80,469,000","109,406,000","93,190,000","-5,878,000","84,485,000","136,761,000","113,134,000","84,858,000","89,390,000","115,070,000","107,811,000","83,607,000","49,039,000","58,196,000","58,444,000","50,378,000","19,156,000","22,872,000","24,995,000","22,885,000","23,880,000","31,296,000","32,650,000","-6,356,000","4,123,000","17,794,000","21,476,000","10,568,000","20,625,000","51,361,000","50,820,000","36,500,000","27,100,000","31,800,000","37,300,000","29,100,000","34,600,000","74,800,000","86,300,000","69,100,000","61,500,000","83,300,000","75,400,000","72,600,000","60,300,000","64,200,000","60,400,000","48,600,000","38,000,000","58,300,000","65,200,000","45,500,000","29,800,000","42,000,000","21,200,000","14,200,000","7,900,000","28,500,000","17,600,000","12,200,000","6,000,000","13,300,000","17,400,000","10,300,000","1,300,000","9,300,000","19,000,000","11,700,000","26,500,000","48,200,000","43,900,000","-500,000","17,800,000","57,100,000","434,700,000","-1,004,800,000","373,500,000","390,500,000","381,000,000","-847,800,000","305,000,000","302,700,000","288,500,000","-857,400,000","245,500,000","287,700,000","287,700,000","-863,400,000","256,100,000"
EBITDA,"684,000,000"
ReconciledCostOfRevenue,"2,615,500,000","644,500,000","640,200,000","636,500,000","694,300,000","677,100,000","655,600,000","628,000,000","638,900,000","618,200,000","566,900,000","554,400,000","548,800,000","523,300,000","490,700,000","489,900,000","491,300,000","503,100,000","523,500,000","512,000,000","522,900,000","520,000,000","541,400,000","562,500,000","555,600,000","813,500,000","799,600,000","809,800,000","824,400,000","815,400,000","801,800,000","843,600,000","965,900,000","1,009,400,000","922,100,000","978,500,000","979,100,000","920,800,000","805,100,000","794,600,000","743,100,000","690,999,000","601,407,000","634,082,000","710,092,000","808,252,000","1,031,325,000","1,075,928,000","1,191,805,000","1,123,133,000","1,085,041,000","1,009,929,000","1,060,196,000","1,027,020,000","808,389,000","1,024,438,000","1,075,000,000","1,059,694,000","1,023,435,000","1,005,722,000","1,047,866,000","1,032,690,000","941,445,000","912,679,000","924,700,000","896,262,000","826,148,000","790,402,000","832,184,000","707,741,000","529,526,000","517,329,000","536,528,000","497,115,000","492,903,000","486,747,000","523,306,000","543,502,000","641,390,000","485,026,000","513,114,000","502,605,000","463,100,000","447,800,000","479,400,000","462,200,000","495,600,000","461,800,000","501,800,000","499,200,000","480,200,000","453,800,000","474,900,000","454,200,000","428,700,000","412,200,000","427,800,000","425,800,000","400,500,000","373,100,000","421,500,000","399,300,000","357,200,000","336,000,000","351,400,000","345,600,000","330,300,000","300,700,000","311,900,000","305,100,000","286,400,000","292,700,000","300,600,000","302,500,000","279,000,000","282,200,000","325,900,000","313,500,000","319,400,000","294,700,000","293,600,000","275,200,000","238,200,000","255,000,000","272,500,000",,,,,,,,,,,,,,,
ReconciledDepreciation,"163,400,000","42,300,000","40,200,000","39,200,000","41,700,000","39,500,000","40,100,000","35,100,000","35,000,000","35,800,000","35,200,000","35,700,000","33,900,000","32,900,000","33,400,000","33,300,000","32,400,000","32,600,000","33,000,000","32,200,000","32,100,000","33,500,000","33,600,000","34,100,000","20,200,000","49,100,000","49,900,000","47,600,000","48,700,000","48,400,000","49,200,000","49,000,000","50,000,000","49,800,000","49,600,000","49,100,000","46,300,000","47,500,000","47,500,000","47,000,000","47,452,000","47,748,000","50,651,000","33,886,000","59,483,000","57,466,000","52,909,000","61,005,000","59,605,000","57,475,000","57,758,000","58,120,000","47,975,000","54,500,000","45,366,000","49,640,000","49,985,000","51,601,000","52,896,000","54,455,000","55,312,000","55,396,000","52,515,000","51,579,000","51,409,000","53,928,000","62,839,000","57,060,000","47,687,000","41,265,000","35,579,000","37,101,000","37,093,000","36,762,000","38,452,000","37,794,000","38,323,000","37,898,000","37,481,000","37,672,000","37,673,000","38,221,000","38,600,000","37,600,000","37,100,000","36,600,000","35,700,000","35,100,000","35,200,000","33,800,000","34,200,000","33,400,000","33,600,000","33,200,000","32,600,000","31,600,000","31,400,000","30,900,000","30,600,000","30,800,000","31,200,000","30,800,000","30,300,000","29,800,000","29,800,000","29,400,000","28,900,000","29,300,000","30,100,000","30,100,000","29,900,000","28,700,000","28,100,000","27,700,000","26,500,000","27,800,000","27,300,000","27,700,000","26,300,000","26,700,000","25,000,000","23,300,000","23,200,000","22,700,000","22,600,000",,,,,,,,,,,,,,,
NetIncomeFromContinuingOperationNetMinorityInterest,"350,900,000","80,700,000","113,500,000","64,200,000","92,500,000","91,900,000","60,000,000","71,600,000","91,000,000","80,200,000","29,200,000","53,500,000","82,500,000","38,200,000","24,100,000","20,600,000","44,900,000","63,000,000","-35,700,000","63,400,000","36,700,000","-135,200,000","41,200,000","-10,900,000","56,500,000","83,500,000","52,600,000","52,200,000","82,800,000","75,100,000","75,300,000","80,900,000","183,600,000","155,700,000","109,100,000","111,000,000","121,500,000","112,700,000","86,300,000","71,400,000","81,400,000","28,281,000","-2,844,000","-19,325,000","-64,517,000","870,000","-36,151,000","130,413,000","88,943,000","84,465,000","48,291,000","41,243,000","55,601,000","74,254,000","-10,738,000","46,546,000","74,691,000","65,940,000","94,881,000","39,831,000","67,334,000","58,235,000","64,382,000","17,463,000","25,341,000","28,470,000","22,496,000","-1,275,000","3,921,000","11,339,000","36,466,000","1,837,000","3,960,000","9,188,000","1,218,000","-30,532,000","-14,574,000","2,222,000","923,000","7,685,000","21,240,000","16,040,000","21,300,000","12,400,000","12,300,000","16,600,000","13,100,000","13,600,000","38,700,000","49,100,000","47,600,000","37,800,000","44,900,000","41,100,000","39,000,000","31,800,000","34,500,000","33,600,000","27,900,000","19,000,000","31,200,000","34,300,000","25,800,000","14,300,000","20,600,000","7,700,000","-30,000,000","-400,000","9,600,000","3,200,000","200,000","-3,900,000","3,400,000","4,900,000","-36,200,000","-4,000,000","700,000","3,800,000","2,200,000","8,500,000","25,400,000","19,100,000","-9,900,000","7,300,000","30,200,000",,,,,,,,,,,,,,,
TotalUnusualItemsExcludingGoodwill,"-10,400,000","-3,600,000","-3,300,000","-1,600,000","-1,900,000","0","-1,800,000","-2,600,000","-300,000","-200,000","-500,000","-1,300,000","-800,000","-1,700,000","-3,000,000","-5,300,000","-2,900,000","-10,500,000","16,300,000","-4,400,000","-1,400,000","-6,200,000","-4,700,000","-99,400,000","-5,400,000","7,200,000","-17,800,000","-3,700,000","-6,700,000","-1,200,000","3,000,000","-10,500,000","-20,500,000","-1,500,000","-8,600,000","1,700,000","-5,100,000","-3,500,000","-7,800,000","-5,700,000","1,700,000","-6,126,000","-83,511,000","-24,132,000","-55,488,000","-7,276,000","-47,575,000","-7,901,000","-5,293,000","11,722,000","3,394,000","-24,110,000","-11,764,000","-19,913,000","-80,936,000","-5,701,000","-19,356,000","-7,159,000","75,418,000","-28,724,000","-369,000","-4,760,000","15,476,000","-8,550,000","-5,617,000","-2,755,000","-402,000","-9,342,000","-3,431,000","3,854,000","42,147,000","-11,118,000","-15,833,000","-10,525,000","22,148,000","-27,115,000","-18,544,000","-9,117,000","-11,392,000","-8,294,000","-10,229,000","-32,173,000","-1,100,000","-2,300,000","-2,000,000","-3,000,000","-2,700,000","-2,800,000","-6,800,000","-900,000","7,800,000","-2,300,000","-3,700,000","-3,000,000","-5,500,000","-3,500,000","-2,200,000","-2,800,000","-600,000","-2,400,000","-3,300,000","-3,800,000","200,000","-2,600,000",,"-100,000","-50,700,000","-3,100,000","-2,800,000","-3,300,000","-1,900,000","-3,000,000","-500,000","-1,600,000","-46,800,000","-3,900,000","-1,600,000","-2,800,000","-200,000","-2,400,000","700,000","-3,400,000","-3,100,000","-2,600,000","-3,700,000",,,,,,,,,,,,,,,
TotalUnusualItems,"-10,400,000","-3,600,000","-3,300,000","-1,600,000","-1,900,000","0","-1,800,000","-2,600,000","-300,000","-200,000","-500,000","-1,300,000","-800,000","-1,700,000","-3,000,000","-5,300,000","-2,900,000","-10,500,000","16,300,000","-4,400,000","-1,400,000","-6,200,000","-4,700,000","-99,400,000","-5,400,000","7,200,000","-17,800,000","-3,700,000","-6,700,000","-1,200,000","3,000,000","-10,500,000","-20,500,000","-1,500,000","-8,600,000","1,700,000","-5,100,000","-3,500,000","-7,800,000","-5,700,000","1,700,000","-6,126,000","-83,511,000","-24,132,000","-55,488,000","-7,276,000","-47,575,000","-7,901,000","-5,293,000","11,722,000","3,394,000","-24,110,000","-11,764,000","-19,913,000","-80,936,000","-5,701,000","-19,356,000","-7,159,000","75,418,000","-28,724,000","-369,000","-4,760,000","15,476,000","-8,550,000","-5,617,000","-2,755,000","-402,000","-9,342,000","-3,431,000","3,854,000","42,147,000","-11,118,000","-15,833,000","-10,525,000","22,148,000","-27,115,000","-18,544,000","-9,117,000","-11,392,000","-8,294,000","-10,229,000","-32,173,000","-1,100,000","-2,300,000","-2,000,000","-3,000,000","-2,700,000","-2,800,000","-6,800,000","-900,000","7,800,000","-2,300,000","-3,700,000","-3,000,000","-5,500,000","-3,500,000","-2,200,000","-2,800,000","-600,000","-2,400,000","-3,300,000","-3,800,000","200,000","-2,600,000",,"-100,000","-50,700,000","-3,100,000","-2,800,000","-3,300,000","-1,900,000","-3,000,000","-500,000","-1,600,000","-46,800,000","-3,900,000","-1,600,000","-2,800,000","-200,000","-2,400,000","700,000","-3,400,000","-3,100,000","-2,600,000","-3,700,000",,,,,,,,,,,,,,,
NormalizedEBITDA,"694,400,000","176,600,000","165,200,000","161,200,000","191,400,000","194,100,000","140,300,000","147,500,000","168,100,000","154,800,000","103,500,000","122,300,000","117,100,000","96,100,000","77,000,000","81,100,000","108,900,000","142,000,000","-132,900,000","103,100,000","108,500,000","-108,400,000","89,500,000","130,200,000","116,600,000","178,500,000","164,100,000","141,100,000","190,500,000","169,800,000","157,800,000","194,900,000","374,500,000","297,400,000","226,300,000","238,800,000","244,500,000","232,000,000","164,700,000","172,600,000","175,952,000","137,941,000","110,467,000","56,552,000","36,552,000","70,986,000","77,184,000","282,004,000","212,039,000","179,344,000","129,850,000","162,699,000","169,145,000","167,603,000","120,424,000","139,826,000","206,102,000","171,894,000","62,336,000","172,569,000","170,751,000","167,967,000","120,646,000","109,168,000","115,222,000","115,127,000","113,619,000","85,558,000","73,990,000","62,406,000","16,317,000","72,099,000","84,222,000","79,937,000","9,948,000","69,032,000","74,661,000","68,491,000","59,441,000","66,591,000","99,263,000","121,214,000","76,200,000","67,000,000","70,900,000","76,900,000","67,500,000","72,500,000","116,800,000","121,000,000","95,500,000","97,200,000","120,600,000","111,600,000","110,700,000","95,400,000","97,800,000","94,100,000","79,800,000","71,200,000","92,800,000","99,800,000","75,600,000","62,200,000","71,800,000","50,700,000","93,800,000","40,300,000","61,400,000","51,000,000","44,000,000","37,800,000","41,900,000","46,700,000","83,600,000","33,000,000","38,200,000","49,500,000","38,200,000","55,600,000","72,500,000","70,600,000","25,800,000","43,100,000","83,400,000","434,700,000","-1,004,800,000","373,500,000","390,500,000","381,000,000","-847,800,000","305,000,000","302,700,000","288,500,000","-857,400,000","245,500,000","287,700,000","287,700,000","-863,400,000","256,100,000"
TaxRateForCalcs,"0.191","0.261","0.27","0.347","0.261","0.302","0.239","0.257","0.247","0.26","0.4","0.281","0.4","0.289","0.252","0.391","0.308","0.305","0.4","0.4","0.4","0.136","0.03","0.177","0.324","0.361","0.35","0.382","0.358","0.341","0.278","0.367","0.38","0.343","0.321","0.385","0.335","0.335","0.133","0.348","0.318","0.35","0.35","0.35","0.265","0.35","0.15","0.344","0.334","0.378","0.292","0.268","0.38","0.35","0.325","0.326","0.293","0.309","0.364","0.182","0.337","0.36","0.241","0.38","0.38","0.386","0.4","0.4","0.4","0.4","0.373","0.4","0.4","0.365","0.4","0.01","0.4","0.4","0.4","0.186","0.4","0.4","0.285","0.333","0.4","0.399","0.314","0.4","0.371","0.382","0.336","0.3","0.393","0.387","0.365","0.39","0.4","0.375","0.357","0.383","0.377","0.386","0.36","0.356","0.4","0.4","0.301","0.4","0.4","0.4","0.4","0.152","0.4","0.4","0.177","0.4","0.4","0.4","0.353","0.4","0.4","0.4","0.4","0.365","0.381",,,,,,,,,,,,,,,
TaxEffectOfUnusualItems,"-1,990,209.168","-939,600","-891,000","-555,772.994","-495,900","0","-430,287.86","-668,200","-74,100","-52,000","-200,000","-365,300","-320,000","-491,300","-754,658.385","-2,072,300","-893,200","-3,202,500","6,520,000","-1,760,000","-560,000","-843,200","-142,424.242","-17,593,800","-1,749,600","2,599,200","-6,230,000","-1,413,400","-2,398,600","-409,200","835,406.699","-3,852,459.016","-7,794,018.249","-514,736.842","-2,760,626.959","653,702.688","-1,706,474.429","-1,173,481.308","-1,038,438.438","-1,985,740.072","540,266.223","-2,144,100","-29,228,850","-8,446,200","-14,709,970.314","-2,546,600","-7,138,375.182","-2,720,463.778","-1,767,306.328","4,426,036.476","992,363.924","-6,450,856.169","-4,473,406.645","-6,969,550","-26,269,326.959","-1,855,834.07","-5,679,466.568","-2,211,409.42","27,484,615.815","-5,230,106.123","-124,484.028","-1,712,153.405","3,729,193.997","-3,248,975.715","-2,134,410.526","-1,063,153.763","-160,800","-3,736,800","-1,372,400","1,541,559.213","15,726,968.336","-4,447,200","-6,333,200","-3,841,952.315","8,859,200","-280,369.68","-7,417,600","-3,646,800","-4,556,800","-1,540,515.152","-4,091,600","-12,868,959.301","-313,758.389","-766,666.667","-800,000","-1,195,652.174","-848,167.539","-1,120,000","-2,520,975.61","-344,150.943","2,621,757.322","-690,000","-1,455,000","-1,159,701.493","-2,006,514.658","-1,363,723.608","-880,000","-1,051,301.115","-214,285.714","-919,480.519","-1,244,910.18","-1,468,336.315","71,960.298","-925,225.225","0","-40,000","-15,245,454.545","-1,240,000","-1,120,000","-1,320,000","-760,000","-456,521.739","-200,000","-640,000","-8,296,363.636","-1,560,000","-640,000","-1,120,000","-70,588.235","-960,000","280,000","-1,360,000","-1,240,000","-949,565.217","-1,410,245.902",,,,,,,,,,,,,,,