name,ttm,10/31/2019,10/31/2018,10/31/2017,10/31/2016,10/31/2015,10/31/2014,10/31/2013,10/31/2012,10/31/2011,10/31/2010,10/31/2009,10/31/2008,10/31/2007,10/31/2006,10/31/2005,10/31/2004,10/31/2003,10/31/2002,10/31/2001,10/31/2000,10/31/1999,10/31/1998,10/31/1997,10/31/1996,10/31/1995,10/31/1994,10/31/1993,10/31/1992,10/31/1991,10/31/1990,10/31/1989,10/31/1988,10/31/1987,10/31/1986,10/31/1985
TotalRevenue,"7,192,216,000","7,223,966,000","7,143,258,000","5,815,058,000","5,169,508,000","4,171,248,000","3,911,602,000","2,674,299,000","1,882,781,000","1,475,881,000","1,494,771,000","1,755,310,000","3,158,213,000","4,646,979,000","6,123,453,000","5,793,425,000","3,893,093,000","2,775,241,000","2,328,972,000","2,229,605,000","1,804,910,000","1,455,500,000","1,206,300,000","971,700,000","760,700,000","646,300,000","501,800,000","392,600,000","279,800,000","176,000,000","198,300,000","176,900,000","200,200,000","137,200,000","126,600,000","76,500,000"
	OperatingRevenue,"7,192,216,000","7,223,966,000","7,143,258,000","5,815,058,000","5,169,508,000","4,171,248,000","3,911,602,000","2,674,299,000","1,882,781,000","1,475,881,000","1,494,771,000","1,755,310,000","3,158,213,000","4,646,979,000","6,123,453,000","5,793,425,000","3,861,942,000","2,758,443,000","2,315,444,000","2,207,999,000","1,804,910,000","1,455,500,000","1,206,300,000","971,700,000","760,700,000","646,300,000","501,800,000","392,600,000","279,800,000","176,000,000","198,300,000","176,900,000","200,200,000","137,200,000","126,600,000","76,500,000"
CostOfRevenue,"5,824,302,000","5,808,618,000","5,673,007,000","4,562,303,000","4,144,065,000","3,269,270,000","3,081,837,000","2,133,300,000","1,532,095,000","1,260,770,000","1,383,075,000","1,951,312,000","3,036,757,000","4,022,930,000","4,402,465,000","3,927,113,000","2,763,049,000","1,995,314,000","1,681,002,000","1,623,740,000","1,358,341,000","1,124,700,000","928,300,000","744,200,000","577,700,000","482,100,000","377,500,000","288,200,000","201,000,000","132,300,000","145,800,000","119,900,000",,,,
GrossProfit,"1,367,914,000","1,415,348,000","1,470,251,000","1,252,755,000","1,025,443,000","901,978,000","829,765,000","540,999,000","350,686,000","215,111,000","111,696,000","-196,002,000","121,456,000","624,049,000","1,720,988,000","1,866,312,000","1,130,044,000","779,927,000","647,970,000","605,865,000","446,569,000","330,800,000","278,000,000","227,500,000","183,000,000","164,200,000","124,300,000","104,400,000","78,800,000","43,700,000","52,500,000","57,000,000",,,,
OperatingExpense,"723,817,000","680,980,000","649,406,000","585,742,000","512,043,000","426,354,000","418,796,000","327,486,000","287,257,000","261,355,000","263,224,000","321,158,000","521,988,000","628,149,000","695,397,000","608,069,000","381,080,000","288,337,000","236,123,000","267,976,000","178,886,000","136,800,000","112,300,000","90,400,000","73,000,000","62,600,000","51,500,000","46,000,000","35,600,000","28,900,000","29,900,000","30,600,000","153,900,000","100,300,000","98,700,000","68,600,000"
	SellingGeneralAndAdministration,"764,063,000","734,548,000","684,035,000","607,819,000","535,382,000","455,108,000","432,516,000","339,932,000","287,257,000","261,355,000","263,224,000","321,158,000","429,894,000","516,728,000","573,404,000","482,786,000","381,080,000","288,337,000","236,123,000","209,729,000","170,358,000","130,200,000","106,700,000","86,300,000","69,700,000","59,700,000","48,800,000","43,300,000","33,000,000","26,400,000","27,300,000","28,000,000",,,,
	DepreciationAmortizationDepletionIncomeStatement,,,,,,,,,,,,,,,,,,,,,"8,528,000","6,600,000","5,600,000","4,100,000","3,300,000","2,900,000","2,700,000","2,700,000","2,600,000","2,500,000","2,600,000","2,600,000",,,,
		DepreciationAndAmortizationInIncomeStatement,,,,,,,,,,,,,,,,,,,,,"8,528,000","6,600,000","5,600,000","4,100,000","3,300,000","2,900,000","2,700,000","2,700,000","2,600,000","2,500,000","2,600,000","2,600,000",,,,
	OtherOperatingExpenses,"-40,246,000","-53,568,000","-34,629,000","-22,077,000","-23,339,000","-28,754,000","-13,720,000","-12,446,000",,,,,"92,094,000","111,421,000","121,993,000","125,283,000",,,,"58,247,000",,,,,,,,,,,,,,,,
OperatingIncome,"644,097,000","734,368,000","820,845,000","667,013,000","513,400,000","475,624,000","410,969,000","213,513,000","63,429,000","-46,244,000","-151,528,000","-517,160,000","-400,532,000","-4,100,000","1,025,591,000","1,258,243,000","748,964,000","491,590,000","411,847,000","337,889,000","267,683,000","194,000,000","165,700,000","137,100,000","110,000,000","101,600,000","72,800,000","58,400,000","43,200,000","14,800,000","22,600,000","26,400,000","46,300,000","36,900,000","27,900,000","7,900,000"
NetNonOperatingInterestIncomeExpense,"18,047,000","19,017,000","8,570,000","5,988,000","2,443,000","1,939,000","1,837,000","4,457,000","0","18,072,000","10,871,000","28,213,000",,,,,,,,,,,,,,,,,,,,,,,,
	InterestIncomeNonOperating,"18,047,000","19,017,000","8,570,000","5,988,000","2,443,000","1,939,000","2,493,000","4,457,000",,"23,403,000","34,830,000","41,906,000",,,,,,,,,,,,,,,,,,,,,,,,
	InterestExpenseNonOperating,,,,,,,"656,000","0","0","1,504,000","22,751,000","13,693,000",,,,,,,,,,,,,,,,,,,,,,,,
	TotalOtherFinanceCost,,,,,,,,,,"3,827,000","1,208,000","-41,906,000",,,,,,,,,,,,,,,,,,,,,,,,
OtherIncomeExpense,"39,512,000","33,785,000","104,501,000","141,310,000","73,184,000","57,999,000","91,776,000","49,727,000","49,513,000","-1,194,000","23,470,000","-7,518,000","-189,626,000","-49,326,000","48,361,000","23,688,000","7,502,000","-6,211,000","1,870,000","6,756,000",,"8,600,000","4,500,000",,,,"2,200,000","2,700,000","1,600,000","1,400,000","1,700,000","1,800,000",,,,
	EarningsFromEquityInterest,"30,869,000","24,868,000","85,240,000","116,066,000","40,748,000","21,119,000","41,141,000","14,392,000","23,592,000","-1,194,000","23,470,000","-7,518,000","-186,393,000","-40,353,000","48,361,000","27,744,000","15,731,000","981,000","1,870,000","6,756,000",,,,,,,,,,,,,,,,
	SpecialIncomeCharges,,"0","6,331,000","8,621,000","13,327,000","13,150,000","25,489,000","17,664,000","25,921,000","-3,827,000","0","0","-3,233,000","-8,973,000",,"-4,056,000","-8,229,000","-7,192,000",,,,"8,600,000","4,500,000",,,,"2,200,000","2,700,000","1,600,000","1,400,000","1,700,000","1,800,000",,,,
		ImpairmentOfCapitalAssets,,,,,,,,,,,"0","0",,,,,,,,,,,,,,,,,,,,,,,,
		OtherSpecialCharges,,,,,,,,"-13,229,000",,,,"13,693,000",,,,,,,,,,,,,,,,,,,,,,,,
		GainOnSaleOfPPE,,"0","6,331,000","8,621,000","13,327,000","13,150,000","25,489,000","4,435,000",,,,,,,,,,,,,,,,,,,,,,,,,,,,
	OtherNonOperatingIncomeExpenses,"8,643,000","8,917,000","12,930,000","16,623,000","19,109,000","23,730,000","25,146,000","17,671,000",,,,,,,,,,,,,,,,,,,,,,,,,,,,
PretaxIncome,"701,656,000","787,170,000","933,916,000","814,311,000","589,027,000","535,562,000","504,582,000","267,697,000","112,942,000","-29,366,000","-117,187,000","-496,465,000","-466,787,000","70,680,000","1,126,616,000","1,323,128,000","647,432,000","411,153,000","347,318,000","337,889,000","230,966,000","162,700,000","134,300,000","107,600,000","85,700,000","79,400,000","56,900,000","43,900,000","28,900,000","6,200,000","15,000,000","21,500,000","40,800,000","33,400,000","23,800,000","5,200,000"
TaxProvision,"166,823,000","197,163,000","185,765,000","278,816,000","206,932,000","172,395,000","164,550,000","97,091,000","-374,204,000","-69,161,000","-113,813,000","259,360,000","-168,977,000","35,029,000","439,403,000","517,018,000","238,321,000","151,333,000","127,431,000","124,216,000","85,023,000","59,700,000","48,500,000","39,800,000","32,000,000","29,500,000","20,700,000","16,500,000","11,500,000","2,500,000","6,100,000","8,400,000","16,700,000","16,200,000","7,700,000","1,300,000"
NetIncomeCommonStockholders,"534,833,000","590,007,000","748,151,000","535,495,000","382,095,000","363,167,000","340,032,000","170,606,000","487,146,000","39,795,000","-3,374,000","-755,825,000","-297,810,000","35,651,000","687,213,000","806,110,000","409,111,000","259,820,000","219,887,000","213,673,000","145,943,000","101,500,000","84,700,000","65,000,000","53,700,000","49,900,000","36,200,000","28,000,000","16,600,000","5,000,000","10,000,000","13,100,000","24,100,000","17,200,000","16,100,000","3,900,000"
	NetIncome,"534,833,000","590,007,000","748,151,000","535,495,000","382,095,000","363,167,000","340,032,000","170,606,000","487,146,000","39,795,000","-3,374,000","-755,825,000","-297,810,000","35,651,000","687,213,000","806,110,000","409,111,000","259,820,000","219,887,000","213,673,000","145,943,000","101,500,000","84,700,000","65,000,000","53,700,000","49,900,000","36,200,000","28,000,000","16,600,000","5,000,000","10,000,000","13,100,000","24,100,000","17,200,000","16,100,000","3,900,000"
		NetIncomeIncludingNoncontrollingInterests,"534,833,000","590,007,000","748,151,000","535,495,000","382,095,000","363,167,000","340,032,000","170,606,000","487,146,000","39,795,000","-3,374,000","-755,825,000","-297,810,000","35,651,000","687,213,000","806,110,000","409,111,000","259,820,000","219,887,000","213,673,000","145,943,000","101,500,000","84,700,000","65,000,000","53,700,000","49,900,000","36,200,000","28,000,000","16,600,000","5,000,000","10,000,000","13,100,000","24,100,000","17,200,000","16,100,000","3,900,000"
			NetIncomeContinuousOperations,"534,833,000","590,007,000","748,151,000","535,495,000","382,095,000","363,167,000","340,032,000","170,606,000","487,146,000","39,795,000","-3,374,000","-755,825,000","-297,810,000","35,651,000","687,213,000","806,110,000","409,111,000","259,820,000","219,887,000","213,673,000","145,943,000","103,000,000","85,800,000","67,800,000","53,700,000","49,900,000","36,200,000","27,400,000","17,400,000","3,700,000","8,900,000","13,100,000","24,100,000","17,200,000","16,100,000","3,900,000"
			NetIncomeExtraordinary,,,,,,,,,,,,,,,,,,,,,,,,"-2,800,000",,,,"1,300,000",,,,,,,,
			NetIncomeFromTaxLossCarryforward,,,,,,,,,,,,,,,,,,,,,,"-1,500,000","-1,100,000",,,,,"-700,000","-800,000","1,300,000","1,100,000",,,,,
AverageDilutionEarnings,,,,"1,434,000","1,538,000","1,561,000","1,557,000","1,604,000",,,,,,,,,,,,,,,,,,,,,,,,,,,,
DilutedNIAvailtoComStockholders,"534,833,000","590,007,000","748,151,000","536,929,000","383,633,000","364,728,000","341,589,000","172,210,000","487,146,000","39,795,000","-3,374,000","-755,825,000","-297,810,000","35,651,000","687,213,000","806,110,000","409,111,000","259,820,000","219,887,000","213,673,000","145,943,000","101,500,000","84,700,000","65,000,000","53,700,000","49,900,000","36,200,000","28,000,000","16,600,000","5,000,000","10,000,000","13,100,000","24,100,000","17,200,000","16,100,000","3,900,000"
BasicEPS,,"4.07","4.92","3.3","2.27","2.06","1.91","1.01","2.91","0.24","-0.02","-4.68","-1.88","0.23","4.45","5.23","2.75","1.84","1.56","1.49","1.005","0.693","0.58","0.465","0.39","0.368","0.27","0.21","0.125","0.04","0.085","0.11","0.2","0.143","0.108","0.033"
DilutedEPS,,"4.03","4.85","3.17","2.18","1.97","1.84","0.97","2.86","0.24","-0.02","-4.68","-1.88","0.22","4.17","4.78","2.52","1.72","1.455","1.38","0.975","0.678","0.555","0.445","0.375","0.353","0.263","0.21","0.125","0.04","0.085","0.11","0.2","0.143","0.108","0.033"
BasicAverageShares,,"145,008,000","151,984,000","162,222,000","168,261,000","176,425,000","177,578,000","169,288,000","167,346,000","167,140,000","165,666,000","161,549,000","158,730,000","155,318,000","154,300,000","154,272,000","148,646,000","141,340,000","140,944,000","143,340,000","145,076,000","146,756,000","145,932,000","139,672,000","137,968,000","135,636,000","134,504,000","133,333,333","132,800,000","125,000,000","117,647,059","119,090,909","120,500,000","120,701,754","149,767,442","120,000,000"
DilutedAverageShares,,"146,501,000","154,201,000","169,487,000","175,973,000","184,703,000","185,875,000","177,963,000","170,154,000","168,381,000","165,666,000","161,549,000","158,730,000","164,166,000","164,852,000","168,552,000","162,330,000","151,082,000","150,960,000","154,732,000","149,652,000","149,744,000","153,440,000","149,416,000","147,564,000","146,604,000","142,656,000","133,333,333","132,800,000","125,000,000","117,647,059","119,090,909","120,500,000","120,701,754","149,767,442","120,000,000"
TotalOperatingIncomeAsReported,"603,851,000","680,800,000","786,216,000","644,936,000","490,061,000","446,870,000","397,249,000","201,067,000","63,429,000","-47,748,000","-174,279,000","-517,160,000","-400,532,000","-4,100,000","1,025,591,000","1,258,243,000","748,964,000","491,590,000","411,847,000","337,889,000","267,683,000","194,000,000","165,700,000","137,100,000","110,000,000","101,600,000","72,800,000","58,400,000","43,200,000","14,800,000","22,600,000","26,400,000","46,300,000","36,900,000","27,900,000","7,900,000"
TotalExpenses,"6,548,119,000","6,489,598,000","6,322,413,000","5,148,045,000","4,656,108,000","3,695,624,000","3,500,633,000","2,460,786,000","1,819,352,000","1,522,125,000","1,646,299,000","2,272,470,000","3,558,745,000","4,651,079,000","5,097,862,000","4,535,182,000","3,144,129,000","2,283,651,000","1,917,125,000","1,891,716,000","1,537,227,000","1,261,500,000","1,040,600,000","834,600,000","650,700,000","544,700,000","429,000,000","334,200,000","236,600,000","161,200,000","175,700,000","150,500,000","153,900,000","100,300,000","98,700,000","68,600,000"
NetIncomeFromContinuingAndDiscontinuedOperation,"534,833,000","590,007,000","748,151,000","535,495,000","382,095,000","363,167,000","340,032,000","170,606,000","487,146,000","39,795,000","-3,374,000","-755,825,000","-297,810,000","35,651,000","687,213,000","806,110,000","409,111,000","259,820,000","219,887,000","213,673,000","145,943,000","103,000,000","85,800,000","67,800,000","53,700,000","49,900,000","36,200,000","27,400,000","17,400,000","3,700,000","8,900,000","13,100,000","24,100,000","17,200,000","16,100,000","3,900,000"
NormalizedIncome,"534,833,000","590,007,000","743,079,869","529,822,382","373,445,777","354,251,300","322,852,414","159,354,032","470,297,350","39,795,000","-3,374,000","-755,825,000","-295,747,346.734","41,483,450","687,213,000","808,581,100.423","414,310,888.821","264,364,842.042","219,887,000","213,673,000","145,943,000","97,555,623.848","82,925,093.075","67,800,000","53,700,000","49,900,000","34,800,351.494","25,714,806.378","16,436,678.201","2,860,000","7,880,000","12,003,255.814","24,100,000","17,200,000","16,100,000","3,900,000"
InterestIncome,"18,047,000","19,017,000","8,570,000","5,988,000","2,443,000","1,939,000","2,493,000","4,457,000",,"23,403,000","34,830,000","41,906,000",,,,,,,,,,,,,,,,,,,,,,,,
InterestExpense,,,,,,,"656,000","0","0","1,504,000","22,751,000","13,693,000",,,,,,,,,,,,,,,,,,,,,,,,
NetInterestIncome,"18,047,000","19,017,000","8,570,000","5,988,000","2,443,000","1,939,000","1,837,000","4,457,000","0","18,072,000","10,871,000","28,213,000",,,,,,,,,,,,,,,,,,,,,,,,
EBIT,"644,097,000","734,368,000","820,845,000","667,013,000","513,400,000","475,624,000","505,238,000","267,697,000","112,942,000","-27,862,000","-94,436,000","-482,772,000","-400,532,000","-4,100,000","1,025,591,000","1,258,243,000","748,964,000","491,590,000","411,847,000","337,889,000","267,683,000","194,000,000","165,700,000","137,100,000","110,000,000","101,600,000","72,800,000","58,400,000","43,200,000","14,800,000","22,600,000","26,400,000","46,300,000","36,900,000","27,900,000","7,900,000"
EBITDA,"715,244,000"
ReconciledCostOfRevenue,"5,824,302,000","5,808,618,000","5,673,007,000","4,562,303,000","4,144,065,000","3,269,270,000","3,081,837,000","2,133,300,000","1,532,095,000","1,260,770,000","1,383,075,000","1,951,312,000","3,036,757,000","4,022,930,000","4,402,465,000","3,927,113,000","2,763,049,000","1,995,314,000","1,681,002,000","1,623,740,000","1,358,341,000","1,124,700,000","928,300,000","744,200,000","577,700,000","482,100,000","377,500,000","288,200,000","201,000,000","132,300,000","145,800,000","119,900,000",,,,
ReconciledDepreciation,"71,147,000","72,149,000","25,259,000","25,361,000","23,121,000","23,557,000","22,999,000","25,210,000","22,586,000","23,142,000","20,044,000","23,925,000","28,333,000","31,240,000","32,314,000","24,347,000","21,767,000","12,075,000","10,495,000","9,356,000","8,528,000","6,600,000","5,600,000","4,100,000","3,300,000","2,900,000","2,700,000","2,700,000","2,600,000","2,500,000","2,600,000","2,600,000",,,,
NetIncomeFromContinuingOperationNetMinorityInterest,"534,833,000","590,007,000","748,151,000","535,495,000","382,095,000","363,167,000","340,032,000","170,606,000","487,146,000","39,795,000","-3,374,000","-755,825,000","-297,810,000","35,651,000","687,213,000","806,110,000","409,111,000","259,820,000","219,887,000","213,673,000","145,943,000","103,000,000","85,800,000","67,800,000","53,700,000","49,900,000","36,200,000","27,400,000","17,400,000","3,700,000","8,900,000","13,100,000","24,100,000","17,200,000","16,100,000","3,900,000"
TotalUnusualItemsExcludingGoodwill,,"0","6,331,000","8,621,000","13,327,000","13,150,000","25,489,000","17,664,000","25,921,000","-3,827,000","0","0","-3,233,000","-8,973,000",,"-4,056,000","-8,229,000","-7,192,000",,,,"8,600,000","4,500,000",,,,"2,200,000","2,700,000","1,600,000","1,400,000","1,700,000","1,800,000",,,,
TotalUnusualItems,,"0","6,331,000","8,621,000","13,327,000","13,150,000","25,489,000","17,664,000","25,921,000","-3,827,000","0","0","-3,233,000","-8,973,000",,"-4,056,000","-8,229,000","-7,192,000",,,,"8,600,000","4,500,000",,,,"2,200,000","2,700,000","1,600,000","1,400,000","1,700,000","1,800,000",,,,
NormalizedEBITDA,"715,244,000","806,517,000","839,773,000","683,753,000","523,194,000","486,031,000","502,748,000","275,243,000","109,607,000","-4,720,000","-74,392,000","-458,847,000","-368,966,000","36,113,000","1,057,905,000","1,286,646,000","778,960,000","510,857,000","422,342,000","347,245,000","276,211,000","192,000,000","166,800,000","141,200,000","113,300,000","104,500,000","73,300,000","58,400,000","44,200,000","15,900,000","23,500,000","27,200,000","46,300,000","36,900,000","27,900,000","7,900,000"
TaxRateForCalcs,"0.238","0.25","0.199","0.342","0.351","0.322","0.326","0.363","0.35","0.35","0.35","0.35","0.362","0.35","0.39","0.391","0.368","0.368","0.367","0.368","0.368","0.367","0.361","0.37","0.373","0.372","0.364","0.376","0.398","0.4","0.4","0.391","0.4","0.4","0.324","0.25"
TaxEffectOfUnusualItems,"0","0","1,259,869","2,948,382","4,677,777","4,234,300","8,309,414","6,412,032","9,072,350","0","0","0","-1,170,346.734","-3,140,550","0","-1,584,899.577","-3,029,111.179","-2,647,157.958","0","0","0","3,155,623.848","1,625,093.075","0","0","0","800,351.494","1,014,806.378","636,678.201","560,000","680,000","703,255.814","0","0","0","0"