name,ttm,03/31/2020,12/31/2019,09/30/2019,06/30/2019,03/31/2019,12/31/2018,09/30/2018,06/30/2018,03/31/2018,12/31/2017,09/30/2017,06/30/2017,03/31/2017,12/31/2016,09/30/2016,06/30/2016,03/31/2016,12/31/2015,09/30/2015,06/30/2015,03/31/2015,12/31/2014,09/30/2014,06/30/2014,03/31/2014,12/31/2013,09/30/2013,06/30/2013,03/31/2013,12/31/2012,09/30/2012,06/30/2012,03/31/2012,12/31/2011,09/30/2011,06/30/2011,03/31/2011,12/31/2010,09/30/2010,06/30/2010,03/31/2010,12/31/2009,09/30/2009,06/30/2009,03/31/2009,12/31/2008,09/30/2008,06/30/2008,03/31/2008,12/31/2007,09/30/2007,06/30/2007,03/31/2007,12/31/2006,09/30/2006,06/30/2006,03/31/2006,12/31/2005,09/30/2005,06/30/2005,03/31/2005,12/31/2004,09/30/2004,06/30/2004,03/31/2004,12/31/2003,09/30/2003,06/30/2003,03/31/2003,12/31/2002,09/30/2002,06/30/2002,03/31/2002,12/31/2001,09/30/2001,06/30/2001,03/31/2001,12/31/2000,09/30/2000,06/30/2000,03/31/2000,12/31/1999,09/30/1999,06/30/1999,03/31/1999,12/31/1998,09/30/1998,06/30/1998,03/31/1998,12/31/1997,09/30/1997,06/30/1997,03/31/1997,12/31/1996,09/30/1996,06/30/1996,03/31/1996,12/31/1995,09/30/1995,06/30/1995,03/31/1995,12/31/1994,09/30/1994,06/30/1994,03/31/1994,12/31/1993,09/30/1993,06/30/1993,03/31/1993,12/31/1992,09/30/1992,06/30/1992,03/31/1992
TotalRevenue,"169,702,000,000","38,577,000,000","43,385,000,000","42,538,000,000","45,202,000,000","45,124,000,000","46,312,000,000","48,400,000,000","46,102,000,000","43,292,000,000","41,442,000,000","37,082,000,000","34,482,000,000","36,093,000,000","36,867,000,000","31,825,000,000","31,711,000,000","27,522,000,000","32,292,000,000","34,897,000,000","39,269,000,000","36,963,000,000","46,734,000,000","54,222,000,000","56,207,000,000","54,855,000,000","58,767,000,000","56,712,591,253.188","55,297,668,609.492","56,262,165,761.705","60,133,044,145.264","58,395,500,828.187","56,433,174,239.451","62,397,449,408.375","48,004,116,288.255","56,398,381,050.687","58,581,252,262.034","58,738,316,437.466","44,120,412,104.647","48,008,940,009.267","44,264,512,355.608","44,517,982,520.909","42,282,992,979.62","42,196,514,863.084","37,283,236,994.22","33,788,391,376.451","44,869,536,459.058","62,020,000,000","68,202,000,000","62,046,147,285.965","58,310,000,000","48,462,000,000","45,344,288,479.5","42,305,000,000","44,803,000,000","42,507,000,000","45,737,000,000","42,400,000,000","64,013,000,000","39,909,000,000","33,623,000,000","34,582,000,000","56,963,000,000","38,680,000,000","35,211,000,000","34,282,000,000","41,740,000,000","28,501,000,000","27,960,000,000","30,839,000,000","32,227,000,000","25,664,000,000","26,218,000,000","20,711,000,000","23,289,000,000","23,289,000,000","23,646,000,000","23,928,000,000","34,202,000,000","27,421,000,000","25,011,000,000","25,055,000,000","-6,930,000,000","30,672,000,000","9,107,300,000","9,486,100,000","7,126,800,000","7,126,800,000","6,584,100,000","6,448,400,000","7,500,100,000","8,073,300,000","8,130,700,000","8,474,600,000","8,515,500,000","8,515,400,000","8,515,400,000","8,515,400,000","6,923,900,000","6,923,900,000","6,923,900,000","6,923,900,000","6,224,400,000","6,462,500,000","6,283,700,000","5,986,000,000","5,622,900,000","5,622,800,000","5,895,500,000","5,895,500,000","6,183,000,000","6,182,900,000","6,182,800,000","6,182,800,000"
	OperatingRevenue,"192,981,000,000","43,870,000,000","49,280,000,000","48,589,000,000","51,242,000,000","51,205,000,000","52,495,000,000","54,717,000,000","52,540,000,000","49,611,000,000","47,351,000,000","43,044,000,000","39,915,000,000","41,183,000,000","42,275,000,000","37,412,000,000","37,215,000,000","32,841,000,000","37,749,000,000","40,580,000,000","44,715,000,000","42,313,000,000","52,511,000,000","60,363,000,000","62,561,000,000","60,687,000,000","64,975,000,000","62,998,097,345.73","61,111,833,888.426","61,635,590,615.716","65,950,749,861.137","64,059,269,911.789","62,204,863,968.401","68,257,673,785.734","53,035,661,176.073","62,697,615,037.757","65,159,609,120.521","64,988,845,904.047","49,495,467,905.122","54,757,556,760.882","50,359,458,010.43","50,481,279,115.037","48,900,769,206.942","49,242,934,543.857","44,096,189,460.688","39,855,389,718.076","72,217,310,493.638","62,020,000,000","68,202,000,000","69,825,802,681.66","58,310,000,000","48,462,000,000","52,917,687,507.614","42,305,000,000","44,803,000,000","42,507,000,000","45,737,000,000","42,400,000,000","64,013,000,000","39,909,000,000","33,623,000,000","34,582,000,000","56,963,000,000","38,680,000,000","35,211,000,000","34,282,000,000","41,740,000,000","28,501,000,000","27,960,000,000","30,839,000,000","32,227,000,000","25,664,000,000","26,218,000,000","20,711,000,000","23,289,000,000","23,289,000,000","23,646,000,000","23,928,000,000","34,202,000,000","27,421,000,000","25,011,000,000","25,055,000,000","-6,930,000,000","30,672,000,000","9,107,300,000","9,486,100,000","7,126,800,000","7,126,800,000","6,584,100,000","6,448,400,000","7,500,100,000","8,073,300,000","8,130,700,000","8,474,600,000","8,515,500,000","8,515,400,000","8,515,400,000","8,515,400,000","6,923,900,000","6,923,900,000","6,923,900,000","6,923,900,000","6,224,400,000","6,462,500,000","6,283,700,000","5,986,000,000","5,622,900,000","5,622,800,000","5,895,500,000","5,895,500,000","6,183,000,000","6,182,900,000","6,182,800,000","6,182,800,000"
	ExciseTaxes,"23,279,000,000","5,293,000,000","5,895,000,000","6,051,000,000","6,040,000,000","6,081,000,000","6,183,000,000","6,317,000,000","6,438,000,000","6,319,000,000","5,909,000,000","5,962,000,000","5,433,000,000","5,090,000,000","5,408,000,000","5,587,000,000","5,504,000,000","5,319,000,000","5,457,000,000","5,683,000,000","5,446,000,000","5,350,000,000","5,777,000,000","6,141,000,000","6,354,000,000","5,832,000,000","6,208,000,000","6,285,506,092.542","5,814,165,278.934","5,373,424,854.011","5,817,705,715.873","5,663,769,083.602","5,771,689,728.95","5,860,224,377.359","5,031,544,887.817","6,299,233,987.07","6,578,356,858.487","6,250,529,466.58","5,375,055,800.474","6,748,616,751.615","6,094,945,654.823","5,963,296,594.128","6,617,776,227.322","7,046,419,680.773","6,812,952,466.468","6,066,998,341.625",,,,"7,779,655,395.695",,,"7,573,399,028.114",,,,,,,,,,,,,,,,,,,,,,,,,,,,,,,,,,,,,,,,,,,,,,,,,,,,,,,,,,,,,
CostOfRevenue,"130,468,000,000","31,703,000,000","32,643,000,000","32,071,000,000","34,051,000,000","33,187,000,000","37,782,000,000","35,630,000,000","34,034,000,000","32,362,000,000","33,350,000,000","27,402,000,000","26,196,000,000","28,566,000,000","28,906,000,000","24,159,000,000","23,516,000,000","20,319,000,000","29,546,000,000","27,585,000,000","29,184,000,000","27,578,000,000","46,544,000,000","41,710,000,000","43,300,000,000","41,077,000,000","44,926,000,000","43,377,818,559.65","42,002,758,118.235","41,863,026,329.27","45,318,327,293.887","39,302,268,846.06","40,884,173,745.711","42,742,419,593.666","32,632,470,117.59","39,411,636,877.275","41,094,462,540.717","38,481,631,039.449","29,133,632,413.157","32,595,600,861.294","29,157,527,903.69","29,133,160,600.894","27,905,651,800.124","27,734,661,004.539","22,868,847,859.027","20,202,985,074.627","34,614,338,224.239","43,936,000,000","44,356,000,000","40,460,209,415.815","37,755,000,000","32,423,000,000","28,946,762,862.596","26,607,000,000","29,085,000,000","27,438,000,000","28,813,000,000","25,661,000,000","32,495,000,000","29,585,000,000","18,126,000,000","25,118,000,000","47,168,000,000","31,567,000,000","28,887,000,000","28,500,000,000","34,925,000,000","23,654,000,000","23,310,000,000","25,290,000,000",,,"22,169,000,000",,,,"19,543,000,000",,,,"20,726,000,000",,,,"7,993,400,000",,,,,,,,,,,,,,,,,,,,,,,,,,,,,
GrossProfit,"39,234,000,000","6,874,000,000","10,742,000,000","10,467,000,000","11,151,000,000","11,937,000,000","8,530,000,000","12,770,000,000","12,068,000,000","10,930,000,000","8,092,000,000","9,680,000,000","8,286,000,000","7,527,000,000","7,961,000,000","7,666,000,000","8,195,000,000","7,203,000,000","2,746,000,000","7,312,000,000","10,085,000,000","9,385,000,000","190,000,000","12,512,000,000","12,907,000,000","13,778,000,000","13,841,000,000","13,334,772,693.538","13,294,910,491.257","14,399,139,432.435","14,814,716,851.377","19,093,231,982.127","15,549,000,493.74","19,655,029,814.709","15,371,646,170.666","16,986,744,173.412","17,486,789,721.317","20,256,685,398.018","14,986,779,691.49","15,413,339,147.974","15,106,984,451.918","15,384,821,920.015","14,377,341,179.496","14,461,853,858.544","14,414,389,135.193","13,585,406,301.824","10,255,198,234.819","18,084,000,000","23,846,000,000","21,585,937,870.15","20,555,000,000","16,039,000,000","16,397,525,616.904","15,698,000,000","15,718,000,000","15,069,000,000","16,924,000,000","16,739,000,000","31,518,000,000","10,324,000,000","15,497,000,000","9,464,000,000","9,795,000,000","7,113,000,000","6,324,000,000","5,782,000,000","6,815,000,000","4,847,000,000","4,650,000,000","5,549,000,000",,,"4,049,000,000",,,,"4,103,000,000",,,,"4,285,000,000",,,,"1,113,900,000",,,,,,,,,,,,,,,,,,,,,,,,,,,,,
OperatingExpense,"29,016,000,000","7,084,000,000","7,321,000,000","6,458,000,000","7,248,000,000","7,013,000,000","7,114,000,000","7,107,000,000","6,919,000,000","7,141,000,000","6,873,000,000","6,289,000,000","6,305,000,000","6,363,000,000","7,918,000,000","5,743,000,000","6,442,000,000","6,330,000,000","7,820,000,000","6,069,000,000","6,383,000,000","6,909,000,000","7,442,000,000","7,358,000,000","7,530,000,000","7,983,000,000","8,278,000,000","7,607,918,280.324","7,685,002,081.599","7,246,952,156.541","8,967,915,994.393","11,672,936,916.578","10,284,976,389.117","9,719,461,601.057","10,977,638,862.844","9,746,292,171.457","9,273,977,560.623","9,384,971,620.591","11,521,358,462.42","8,622,475,401.346","8,385,728,907.735","8,965,082,092.658","9,554,580,966.923","9,169,717,381.754","9,294,853,807.733","8,547,927,031.509","11,106,784,809.422","8,502,000,000","9,172,000,000","9,809,062,050.885","9,594,000,000","7,666,000,000","7,795,389,634.122","7,949,000,000","8,258,000,000","8,189,000,000","8,164,000,000","8,214,000,000","26,185,000,000","1,534,000,000","8,468,000,000","1,543,000,000","2,842,000,000","1,592,000,000","1,500,000,000","1,468,000,000","1,980,000,000","1,471,000,000","1,354,000,000","1,339,000,000",,,"1,313,000,000",,,,"949,000,000",,,,"1,114,000,000",,,,"545,800,000",,,,,,,,,,,,,,,,,,,,,,,,,,,,,
	SellingGeneralAndAdministration,,,,,,,,,,,,,,,,,,,,,,,,,,,,,,,,,,,,,,,,,"5,889,018,862.407","6,325,766,220.516",,"6,601,259,335.188","6,627,756,888.714","6,202,321,724.71","6,903,472,478.214","6,630,000,000","6,992,000,000",,"7,086,000,000","5,795,000,000",,"6,213,000,000","6,332,000,000","6,542,000,000","6,613,000,000","6,657,000,000",,,"6,889,000,000",,,,,,,,,,,,,,,,,,,,,,,,,,,,,,,,,,,,,,,,,,,,,,,,,,,,,
	DepreciationAmortizationDepletionIncomeStatement,,,,,,,,,,,,,,,,,,,,,,,,,,,,,,,,"4,167,897,176.462","2,567,446,100.09","2,451,876,258.954","3,582,624,423.653","2,543,869,180.203","2,216,431,415.128","2,380,481,743.992","4,385,004,126.898","2,459,865,354.738","2,140,907,540.089","2,280,873,686.048","2,814,112,472.253","2,341,484,844.047","2,295,302,766.71","2,016,583,747.927","2,594,046,523.93","1,872,000,000","2,180,000,000","2,043,620,398.301","2,508,000,000","1,870,000,000","1,847,665,714.634","1,736,000,000","2,168,000,000","1,647,000,000","1,550,000,000","1,557,000,000","1,866,000,000","1,535,000,000","1,580,000,000","1,543,000,000","3,157,000,000","1,623,000,000","1,533,000,000","1,505,000,000","2,041,000,000","1,509,000,000","1,395,000,000","1,372,000,000",,,"1,361,000,000",,,,"986,000,000",,,,"1,114,000,000",,,,"545,800,000",,,,,,,,,,,,,,,,,,,,,,,,,,,,,
		DepreciationAndAmortizationInIncomeStatement,,,,,,,,,,,,,,,,,,,,,,,,,,,,,,,,,,,,,,,,,,,,,,,"2,594,046,523.93","1,872,000,000","2,180,000,000",,"2,508,000,000","1,870,000,000",,"1,736,000,000","2,168,000,000","1,647,000,000","1,550,000,000","1,557,000,000","1,866,000,000","1,535,000,000","1,580,000,000","1,543,000,000","3,157,000,000","1,623,000,000","1,533,000,000","1,505,000,000","2,041,000,000","1,509,000,000","1,395,000,000","1,372,000,000",,,"1,361,000,000",,,,"986,000,000",,,,"1,114,000,000",,,,"545,800,000",,,,,,,,,,,,,,,,,,,,,,,,,,,,,
			DepreciationIncomeStatement,,,,,,,,,,,,,,,,,,,,,,,,,,,,,,,,,,,,,,,,,,,,,,,,,,,,,,,,,,,,,,,"2,843,000,000","1,591,000,000","1,500,000,000","1,468,000,000","1,980,000,000","1,472,000,000","1,354,000,000","1,339,000,000",,,"1,313,000,000",,,,"949,000,000",,,,,,,,,,,,,,,,,,,,,,,,,,,,,,,,,,,,,
			Amortization,,,,,,,,,,,,,,,,,,,,,,,,,,,,,,,,,,,,,,,,,,,,,,,,,,,,,,,,,,,,,,,"314,000,000","32,000,000","33,000,000","37,000,000","61,000,000","37,000,000","41,000,000","33,000,000",,,"48,000,000",,,,"37,000,000",,,,,,,,,,,,,,,,,,,,,,,,,,,,,,,,,,,,,
				AmortizationOfIntangiblesIncomeStatement,,,,,,,,,,,,,,,,,,,,,,,,,,,,,,,,,,,,,,,,,,,,,,,,,,,,,,,,,,,,,,,"314,000,000","32,000,000","33,000,000","37,000,000","61,000,000","37,000,000","41,000,000","33,000,000",,,"48,000,000",,,,"37,000,000",,,,,,,,,,,,,,,,,,,,,,,,,,,,,,,,,,,,,
	OtherOperatingExpenses,"28,750,000,000","7,084,000,000","7,321,000,000","6,458,000,000","7,248,000,000","7,013,000,000","7,114,000,000","7,107,000,000","6,919,000,000","7,141,000,000","6,873,000,000","6,289,000,000","6,305,000,000","6,363,000,000","7,574,000,000","5,743,000,000","6,442,000,000","6,330,000,000","7,488,000,000","6,069,000,000","6,383,000,000","6,909,000,000","7,442,000,000","7,358,000,000","7,530,000,000","7,983,000,000","8,278,000,000","7,607,918,280.324","7,685,002,081.599","7,246,952,156.541","8,967,915,994.393","7,505,039,740.116","7,717,530,289.028","7,267,585,342.102","7,395,014,439.191","7,202,422,991.253","7,057,546,145.494","7,004,489,876.599","7,136,354,335.523","6,162,610,046.608","355,802,505.24","358,442,186.095","27,105,089,961.943","226,973,202.519","371,794,152.309","329,021,558.872",,,,"7,765,441,652.585",,"1,000,000","5,947,723,919.488",,"-242,000,000",,"1,000,000",,"24,319,000,000","-1,000,000","-1,000,000",,"-315,000,000","-31,000,000","-33,000,000","-37,000,000","-61,000,000","-38,000,000","-41,000,000","-33,000,000",,,"-48,000,000",,,,"-37,000,000",,,,,,,,,,,,,,,,,,,,,,,,,,,,,,,,,,,,,
OperatingIncome,"10,218,000,000","-210,000,000","3,421,000,000","4,009,000,000","3,903,000,000","4,924,000,000","1,416,000,000","5,663,000,000","5,149,000,000","3,789,000,000","1,219,000,000","3,391,000,000","1,981,000,000","1,164,000,000","43,000,000","1,923,000,000","1,753,000,000","873,000,000","-5,074,000,000","1,243,000,000","3,702,000,000","2,476,000,000","-7,252,000,000","5,154,000,000","5,377,000,000","5,795,000,000","5,563,000,000","5,726,854,413.213","5,609,908,409.659","7,152,187,275.894","5,846,800,856.984","7,420,295,065.549","5,264,024,104.622","9,935,568,213.652","4,394,007,307.821","7,240,452,001.956","8,212,812,160.695","10,871,713,777.426","3,465,421,229.07","6,790,863,746.627","6,721,255,544.183","6,419,739,827.357","4,822,760,212.573","5,292,136,476.79","5,119,535,327.459","5,037,479,270.315","-851,586,574.603","9,582,000,000","14,674,000,000","11,776,875,819.264","10,961,000,000","8,373,000,000","8,602,135,982.782","7,749,000,000","7,460,000,000","6,880,000,000","8,760,000,000","8,525,000,000","5,333,000,000","8,790,000,000","7,029,000,000","7,921,000,000","6,953,000,000","5,521,000,000","4,824,000,000","4,314,000,000","4,835,000,000","3,376,000,000","3,296,000,000","4,210,000,000","-64,836,000,000","25,664,000,000","2,736,000,000","20,711,000,000","-70,806,000,000","23,289,000,000","3,154,000,000","23,928,000,000","-60,302,000,000","27,421,000,000","3,171,000,000","25,055,000,000","-46,778,000,000","30,672,000,000","568,100,000","9,486,100,000","-19,757,900,000","7,126,800,000","6,584,100,000","6,448,400,000","-22,050,100,000","8,073,300,000","8,130,700,000","8,474,600,000","-23,789,900,000","8,515,400,000","8,515,400,000","8,515,400,000","-19,470,800,000","6,923,900,000","6,923,900,000","6,923,900,000","-18,190,000,000","6,462,500,000","6,283,700,000","5,986,000,000","-16,352,200,000","5,622,800,000","5,895,500,000","5,895,500,000","-17,304,600,000","6,182,900,000","6,182,800,000","6,182,800,000"
NetNonOperatingInterestIncomeExpense,"-1,956,000,000","-717,000,000","-615,000,000","-613,000,000","-472,000,000","-624,000,000","-475,000,000","-480,000,000","-370,000,000","-361,000,000","-316,000,000","-373,000,000","-256,000,000","-274,000,000","94,000,000","-162,000,000","-120,000,000","-228,000,000","159,000,000","-192,000,000","-111,000,000","-255,000,000","-29,000,000","-126,000,000","-153,000,000","-187,000,000","-170,000,000","-222,651,031.616","-192,547,876.769","-220,264,317.181","-150,765,731.214","-179,761,430.901","-69,629,948.474","-270,800,261.462","282,788,472.237","-210,517,737.817","183,858,125.226","-172,253,127.383","-97,841,879.243","-106,298,890.676","-51,177,072.671","-134,248,009.773","-11,483,794.443","-161,077,756.626","81,373,814.468","-50,414,593.698",,,,"-131,082,297.573",,,"33,840,031.404",,,,,,,,,,,,,,,,,,,,,,,,,,,,,,,,,,,,,,,,,,,,,,,,,,,,,,,,,,,,,
	InterestIncomeNonOperating,,,"51,000,000",,,,,,,,,,,,,,,,,,,,,,,,,,,,,"10,272,081.766","30,383,977.516","46,689,700.252","60,466,538.933","154,832,400.717","79,623,597.539","66,359,811.369","54,298,342.334","54,512,251.629","202,271,287.225","127,535,609.285","-663,125,181.055","128,862,205.301","392,839,104.327","283,913,764.511",,,,"203,730,317.914",,,"456,163,623.32",,,,,,,,,,,,,,,,,,,,,,,,,,,,,,,,,,,,,,,,,,,,,,,,,,,,,,,,,,,,,
	InterestExpenseNonOperating,"2,241,000,000","724,000,000","606,000,000","598,000,000","610,000,000","561,000,000","529,000,000","536,000,000","478,000,000","390,000,000","352,000,000","368,000,000","345,000,000","331,000,000","-178,000,000","268,000,000","267,000,000","274,000,000","-123,000,000","233,000,000","231,000,000","262,000,000","108,000,000","173,000,000","266,000,000","201,000,000","217,000,000","214,554,630.467","236,781,848.46","216,422,497.695","211,601,026.265","197,737,573.991","215,219,840.737","249,456,398.49","-54,023,660.468","355,842,885.859","230,184,581.976","192,019,879.705","6,156,027.469","171,713,592.63","253,448,359.897","261,783,619.058","-392,314,204.538","289,939,961.927","311,465,289.859","334,328,358.209",,,,"405,881,331.038",,,"605,059,761.495",,,,,,,,,,,,,,,,,,,,,,,,,,,,,,,,,,,,,,,,,,,,,,,,,,,,,,,,,,,,,
	TotalOtherFinanceCost,"-285,000,000","-7,000,000","60,000,000","15,000,000","-138,000,000","63,000,000","-54,000,000","-56,000,000","-108,000,000","-29,000,000","-36,000,000","5,000,000","-89,000,000","-57,000,000","84,000,000","-106,000,000","-147,000,000","-46,000,000","-36,000,000","-41,000,000","-120,000,000","-7,000,000","-79,000,000","-47,000,000","-113,000,000","-14,000,000","-47,000,000","8,096,401.15","-44,233,971.69","3,841,819.486","-60,835,295.051","-7,704,061.324","-115,205,914.748","68,033,563.225","-168,298,272.835","9,507,252.676","-334,419,109.663","46,593,059.046","145,984,194.108","-10,902,450.326",,,"-121,783,483.294",,,,,,,"-71,068,715.551",,,"-182,736,169.579",,,,,,,,,,,,,,,,,,,,,,,,,,,,,,,,,,,,,,,,,,,,,,,,,,,,,,,,,,,,,
OtherIncomeExpense,"3,964,000,000","892,000,000","695,000,000","989,000,000","944,000,000","749,000,000","832,000,000","1,144,000,000","942,000,000","817,000,000","599,000,000","837,000,000","774,000,000","2,582,000,000","787,000,000","470,000,000","815,000,000","928,000,000","1,734,000,000","475,000,000","1,011,000,000","1,769,000,000","717,000,000","1,337,000,000","807,000,000","1,424,000,000","686,000,000","2,169,835,508.117","1,127,966,278.102","-1,002,714,885.77","829,211,521.676","1,266,034,077.631","265,859,803.264","979,149,713.859","699,265,462.39","2,198,891,725.974","642,779,587.405","751,136,588.259","2,123,274,313.23","546,485,322.576","625,091,387.63","703,459,571.212","751,128,022.228","582,808,610.338","551,377,742.859","619,568,822.554","390,485,758.833","721,000,000","680,000,000",,"1,181,000,000","933,000,000","550,915,711.25","750,000,000","986,000,000","627,000,000","540,000,000","773,000,000","-24,447,000,000","325,000,000","425,000,000","193,000,000","2,695,000,000","389,000,000","195,000,000","330,000,000","-170,000,000","264,000,000","131,000,000","-10,000,000",,,"280,000,000",,,,"451,000,000",,,,"147,000,000",,,,"101,300,000",,,,,,,,,,,,,,,,,,,,,,,,,,,,,
	EarningsFromEquityInterest,"3,427,000,000","732,000,000","502,000,000","1,381,000,000","812,000,000","711,000,000","665,000,000","918,000,000","1,103,000,000","484,000,000","657,000,000","500,000,000","310,000,000","548,000,000","409,000,000","531,000,000","776,000,000","498,000,000","600,000,000","486,000,000","685,000,000","590,000,000","464,000,000","851,000,000","874,000,000","473,000,000","844,000,000","843,375,119.759","792,308,492.923","919,475,463.58","518,422,514.349","823,050,551.482","551,975,591.538","721,689,366.754","529,692,696.464","675,014,939.968","642,779,587.405","714,426,905.374","637,704,423.617","546,485,322.576","625,091,387.63","703,459,571.212","510,426,549.365","582,808,610.338","551,377,742.859","619,568,822.554","15,801,431.077","853,000,000","847,000,000",,"555,000,000","727,000,000","607,766,964.008","626,000,000","524,000,000","671,000,000","481,000,000","538,000,000","323,000,000","338,000,000","388,000,000","382,000,000","-801,000,000","526,000,000","381,000,000","340,000,000","354,000,000","398,000,000","316,000,000","273,000,000",,,"173,000,000",,,,"208,000,000",,,,,,,,,,,,,,,,,,,,,,,,,,,,,,,,,,,,,
	SpecialIncomeCharges,,,,,,,,,,,,,,,,,,,,,,,,,,,,,,,,"442,983,526.149","-286,115,788.274","257,460,347.105","432,679,499.126","1,523,876,786.005",,"36,709,682.885",,,,,,,,,"374,684,327.756","-132,000,000","-167,000,000",,"626,000,000","206,000,000","-56,851,252.758","124,000,000","462,000,000","-44,000,000","59,000,000","235,000,000","-24,770,000,000","-13,000,000","37,000,000","-189,000,000","3,496,000,000","-137,000,000","-186,000,000","-10,000,000","-524,000,000","-134,000,000","-185,000,000","-283,000,000",,,"107,000,000",,,,"243,000,000",,,,"147,000,000",,,,"101,300,000",,,,,,,,,,,,,,,,,,,,,,,,,,,,,
		OtherSpecialCharges,,,,,,,,,,,,,,,,,,,,,,,,,,,,,,,,"-442,983,526.149","286,115,788.274","-257,460,347.105",,"-1,523,876,786.005",,"-36,709,682.885",,,,,,,,,,,,,,,"56,851,252.758",,,,,,,,,,,,,,,,,,,,,,,,,,,,,,,,,,,,,,,,,,,,,,,,,,,,,,,,,,,,,
	OtherNonOperatingIncomeExpenses,"-30,000,000","160,000,000","193,000,000","-392,000,000","132,000,000","38,000,000","167,000,000","226,000,000","-161,000,000","333,000,000","-58,000,000","337,000,000","464,000,000","2,034,000,000","-603,000,000","-61,000,000","39,000,000","430,000,000","-2,153,000,000","-11,000,000","326,000,000","1,179,000,000","253,000,000","486,000,000","-67,000,000","951,000,000","-158,000,000","1,326,460,388.357","335,657,785.179","-1,922,190,349.349","310,789,007.327",,,,,,,,,,,,,,,,,,,,,,,,,,,,,,,,,,,,,,,,,,,,,,,,,,,,,,,,,,,,,,,,,,,,,,,,,,,,,,,,,,,
PretaxIncome,"12,226,000,000","-35,000,000","3,501,000,000","4,385,000,000","4,375,000,000","5,049,000,000","1,773,000,000","6,327,000,000","5,721,000,000","4,245,000,000","1,502,000,000","3,855,000,000","2,499,000,000","3,472,000,000","924,000,000","2,231,000,000","2,448,000,000","1,573,000,000","-3,181,000,000","1,526,000,000","4,602,000,000","3,990,000,000","-6,564,000,000","6,365,000,000","6,031,000,000","7,032,000,000","6,079,000,000","7,674,038,889.714","6,545,326,810.991","5,929,208,072.943","6,525,246,647.446","8,506,567,712.279","5,460,253,959.412","10,643,917,666.049","5,821,916,987.377","9,228,825,990.112","9,039,449,873.326","11,450,597,238.302","5,490,853,663.057","7,231,050,178.528","7,295,169,859.141","6,988,951,388.796","41,374,382,768.078","5,713,867,330.502","5,752,286,884.786","5,606,633,499.171","338,278,976.529","9,982,000,000","15,220,000,000","11,645,793,521.692","11,740,000,000","9,001,000,000","9,186,891,725.436","8,199,000,000","7,951,000,000","7,219,000,000","9,060,000,000","9,119,000,000","4,981,000,000","8,909,000,000","7,330,000,000","7,914,000,000","9,037,000,000","5,751,000,000","4,868,000,000","4,483,000,000","4,376,000,000","3,526,000,000","3,283,000,000","4,050,000,000",,,"2,916,000,000",,,,"3,473,000,000",,,,"3,104,000,000",,,,"566,000,000",,,,,,,,,,,,,,,,,,,,,,,,,,,,,
TaxProvision,"3,926,000,000","-37,000,000","852,000,000","1,540,000,000","1,571,000,000","1,909,000,000","593,000,000","2,240,000,000","2,087,000,000","1,596,000,000","772,000,000","1,092,000,000","472,000,000","693,000,000","437,000,000","251,000,000","330,000,000","-48,000,000","-1,381,000,000","461,000,000","1,589,000,000","1,482,000,000","-722,000,000","2,837,000,000","2,902,000,000","3,597,000,000","3,752,000,000","3,863,332,748.593","3,195,253,955.037","3,895,604,958.508","3,381,648,900.997","4,478,627,649.876","3,419,463,469.597","5,742,833,131.011","3,365,130,780.883","4,683,001,032.216","4,968,512,486.428","5,749,301,104.114","3,009,779,424.718","3,306,168,061.272","3,434,956,377.638","3,393,789,687.068","19,460,763,468.737","2,821,789,427.442","2,633,424,995.791","2,523,383,084.577","1,122,624,662.416","5,687,000,000","7,767,000,000","6,659,928,299.563","6,168,000,000","4,546,000,000","4,456,055,335.219","4,127,000,000","4,518,000,000","4,136,000,000","4,660,000,000","4,657,000,000","2,392,000,000","4,528,000,000","3,610,000,000","3,757,000,000","3,943,000,000","2,807,000,000","2,375,000,000","2,070,000,000","1,875,000,000","1,534,000,000","1,440,000,000","1,740,000,000",,,"1,425,000,000",,,,"1,474,000,000",,,,"1,478,000,000",,,,"181,900,000",,,,,,,,,,,,,,,,,,,,,,,,,,,,,
EarningsFromEquityInterestNetOfTax,,,,,,,,,,,,,,,,,,,,,,,,,,,,,,,,,,,,,,,,,,,,,,,,,,"862,300,415.357",,,,,,,,,,,,,,,,,,,,,,,,,,,,,,,,,,,,,,,,,,,,,,,,,,,,,,,,,,,,,,,,
NetIncomeCommonStockholders,"8,190,000,000","34,000,000","2,600,000,000","2,800,000,000","2,756,000,000","3,039,200,000","1,054,800,000","3,957,000,000","3,721,000,000","2,636,000,000","1,021,000,000","2,724,000,000","2,037,000,000","2,849,000,000","548,000,000","1,954,000,000","2,088,000,000","1,606,000,000","-1,626,000,000","1,079,000,000","2,971,000,000","2,663,000,000","-5,658,000,000","3,463,000,000","3,104,000,000","3,335,000,000","2,234,000,000","3,725,693,929.049","3,300,634,887.594","1,968,292,183.178","3,095,987,515.539","3,936,775,336.732","2,006,608,515.11","4,885,076,637.808","2,348,053,819.776","4,501,005,052.426","3,946,435,034.383","5,571,400,333.211","2,419,321,876.652","3,852,653,383.848","3,778,573,865.575","3,507,900,495.375","2,756,974,174.915","2,815,932,054.474","3,043,100,061.732","3,038,142,620.232","-1,289,677,422.947","4,295,000,000","7,453,000,000","5,688,655,853.693","5,572,000,000","4,455,000,000","4,617,133,884.7","4,072,000,000","3,432,000,000","3,067,000,000","4,400,000,000","4,462,000,000","2,589,000,000","4,381,000,000","3,720,000,000","4,157,000,000","5,094,000,000","2,944,000,000","2,493,000,000","2,413,000,000","2,501,000,000","1,992,000,000","1,843,000,000","2,310,000,000","1,856,000,000","1,476,000,000","1,491,000,000","1,244,000,000","1,414,000,000","1,414,000,000","1,999,000,000","1,928,000,000","1,951,000,000","1,543,000,000","1,626,000,000","1,629,000,000","-731,000,000","1,471,000,000","384,100,000","400,000,000","377,300,000","220,400,000","203,600,000","199,400,000","298,700,000","321,600,000","323,800,000","337,500,000","272,200,000","272,300,000","272,300,000","272,300,000","114,600,000","114,600,000","114,600,000","114,600,000","154,200,000","159,900,000","155,500,000","148,100,000","94,900,000","94,800,000","157,300,000","157,300,000","128,700,000","128,900,000","128,800,000","128,800,000"
	NetIncome,"8,190,000,000","34,000,000","2,600,000,000","2,800,000,000","2,756,000,000","3,111,000,000","1,132,000,000","3,957,000,000","3,721,000,000","2,636,000,000","1,021,000,000","2,724,000,000","2,037,000,000","2,849,000,000","548,000,000","1,954,000,000","2,088,000,000","1,606,000,000","-1,626,000,000","1,079,000,000","2,971,000,000","2,663,000,000","-5,658,000,000","3,463,000,000","3,104,000,000","3,335,000,000","2,234,000,000","3,725,693,929.049","3,300,634,887.594","1,968,292,183.178","3,095,987,515.539","3,936,775,336.732","2,006,608,515.11","4,885,076,637.808","2,348,053,819.776","4,501,005,052.426","3,946,435,034.383","5,571,400,333.211","2,419,321,876.652","3,852,653,383.848","3,778,573,865.575","3,507,900,495.375","2,756,974,174.915","2,815,932,054.474","3,043,100,061.732","3,038,142,620.232","-1,289,677,422.947","4,295,000,000","7,453,000,000","5,688,655,853.693","5,572,000,000","4,455,000,000","4,617,133,884.7","4,072,000,000","3,432,000,000","3,067,000,000","4,400,000,000","4,462,000,000","2,589,000,000","4,381,000,000","3,720,000,000","4,157,000,000","5,094,000,000","2,944,000,000","2,493,000,000","2,413,000,000","2,501,000,000","1,992,000,000","1,843,000,000","2,310,000,000","1,856,000,000","1,476,000,000","1,491,000,000","1,244,000,000","1,414,000,000","1,414,000,000","1,999,000,000","1,928,000,000","1,951,000,000","1,543,000,000","1,626,000,000","1,629,000,000","-731,000,000","1,471,000,000","384,100,000","400,000,000","377,300,000","220,400,000","203,600,000","199,400,000","298,700,000","321,600,000","323,800,000","337,500,000","272,200,000","272,300,000","272,300,000","272,300,000","114,600,000","114,600,000","114,600,000","114,600,000","154,200,000","159,900,000","155,500,000","148,100,000","94,900,000","94,800,000","157,300,000","157,300,000","128,700,000","128,900,000","128,800,000","128,800,000"
		NetIncomeIncludingNoncontrollingInterests,"8,300,000,000","2,000,000","2,649,000,000","2,845,000,000","2,804,000,000","3,140,000,000","1,180,000,000","4,087,000,000","3,634,000,000","2,649,000,000","730,000,000","2,763,000,000","2,027,000,000","2,779,000,000","487,000,000","1,980,000,000","2,118,000,000","1,621,000,000","-1,800,000,000","1,065,000,000","3,013,000,000","2,508,000,000","-5,842,000,000","3,528,000,000","3,129,000,000","3,435,000,000","2,327,000,000","3,810,706,141.12","3,350,072,855.953","2,033,603,114.435","3,143,597,746.449","4,027,940,062.403","2,040,790,489.815","4,901,084,535.037","2,456,786,206.494","4,545,824,957.896","4,070,937,386.898","5,701,296,134.188","2,481,074,238.339","3,924,882,117.256","3,860,213,481.503","3,595,161,701.728","2,812,726,049.963","2,892,077,903.06","3,118,861,888.995","3,083,250,414.594","-1,270,345,685.887","4,437,000,000","7,678,000,000","5,848,165,637.486","5,725,000,000","4,572,000,000","4,730,836,390.216","4,191,000,000","3,546,000,000","3,147,000,000","4,580,000,000","4,569,000,000","2,703,000,000","4,506,000,000","3,818,000,000","4,267,000,000","5,218,000,000","3,030,000,000","2,559,000,000","2,487,000,000","2,568,000,000","2,037,000,000","1,897,000,000","2,382,000,000","1,870,000,000","1,476,000,000","1,512,000,000","1,244,000,000","1,562,000,000","1,414,000,000","2,039,000,000","1,928,000,000","2,237,000,000","1,543,000,000","1,708,000,000","1,629,000,000","-686,000,000","1,471,000,000","399,100,000","400,000,000","431,200,000","220,400,000","203,600,000","199,400,000","354,500,000","321,600,000","323,800,000","337,500,000","245,400,000","272,300,000","272,300,000","272,300,000","105,400,000","114,600,000","114,600,000","114,600,000","218,400,000","159,900,000","155,500,000","148,100,000","134,000,000","94,800,000","157,300,000","157,300,000","167,800,000","128,900,000","128,800,000","128,800,000"
			NetIncomeContinuousOperations,"8,300,000,000","2,000,000","2,649,000,000","2,845,000,000","2,804,000,000","3,140,000,000","1,180,000,000","4,087,000,000","3,634,000,000","2,649,000,000","730,000,000","2,763,000,000","2,027,000,000","2,779,000,000","487,000,000","1,980,000,000","2,118,000,000","1,621,000,000","-1,800,000,000","1,065,000,000","3,013,000,000","2,508,000,000","-5,842,000,000","3,528,000,000","3,129,000,000","3,435,000,000","2,327,000,000","3,810,706,141.12","3,350,072,855.953","2,033,603,114.435","3,143,597,746.449","4,027,940,062.403","2,040,790,489.815","4,901,084,535.037","2,456,786,206.494","4,545,824,957.896","4,070,937,386.898","5,701,296,134.188","2,481,074,238.339","3,924,882,117.256","3,860,213,481.503","3,595,161,701.728","2,812,726,049.963","2,892,077,903.06","3,118,861,888.995","3,083,250,414.594","-784,345,685.887","4,295,000,000","7,453,000,000","5,848,165,637.486","5,572,000,000","4,455,000,000","4,730,836,390.216","4,072,000,000","3,433,000,000","3,083,000,000","4,400,000,000","4,462,000,000","2,589,000,000","4,381,000,000","3,720,000,000","4,157,000,000","5,094,000,000","2,944,000,000","2,493,000,000","2,413,000,000","2,501,000,000","1,992,000,000","1,843,000,000","2,310,000,000","1,856,000,000","1,476,000,000","1,491,000,000","1,244,000,000","1,414,000,000","1,414,000,000","1,999,000,000","1,928,000,000","1,951,000,000","1,543,000,000","1,626,000,000","1,629,000,000","-731,000,000","1,471,000,000","384,100,000","400,000,000","377,300,000","220,400,000","203,600,000","199,400,000","298,700,000","321,600,000","323,800,000","337,500,000","272,200,000","272,300,000","272,300,000","272,300,000","114,600,000","114,600,000","114,600,000","114,600,000","154,200,000","159,900,000","155,500,000","148,100,000","94,900,000","94,800,000","157,300,000","157,300,000","128,700,000","128,900,000","128,800,000","128,800,000"
			NetIncomeDiscontinuousOperations,,,,,,,,,,,,,,,,,,,,,,,,,,,,,,,,,,,,,,,,,,,,,,,,,,,,,"0",,"-1,000,000","-16,000,000",,,,,,,,,,,,,,,,,,,,,,,,,,,,,,,,,,,,,,,,,,,,,,,,,,,,,,,,,,
		MinorityInterests,"-110,000,000","32,000,000","-49,000,000","-45,000,000","-48,000,000","-29,000,000","-48,000,000","-130,000,000","87,000,000","-13,000,000","291,000,000","-39,000,000","10,000,000","70,000,000","61,000,000","-26,000,000","-30,000,000","-15,000,000","174,000,000","14,000,000","-42,000,000","155,000,000","184,000,000","-65,000,000","-25,000,000","-100,000,000","-93,000,000","-85,012,212.072","-49,437,968.36","-65,310,931.257","-47,610,230.91","-91,164,725.671","-34,181,974.705","-16,007,897.229","-108,732,386.718","-44,819,905.471","-124,502,352.515","-129,895,800.977","-61,752,361.687","-72,228,733.408","-81,639,615.928","-87,261,206.353","-55,751,875.048","-76,145,848.587","-75,761,827.263","-45,107,794.362","-19,331,737.06","-142,000,000","-225,000,000","-159,509,783.793","-153,000,000","-117,000,000","-113,702,505.516","-119,000,000","-114,000,000","-80,000,000","-180,000,000","-107,000,000","-114,000,000","-125,000,000","-98,000,000","-110,000,000","-124,000,000","-86,000,000","-66,000,000","-74,000,000","-67,000,000","-45,000,000","-54,000,000","-72,000,000",,,"-21,000,000",,,,"-40,000,000",,,,"-82,000,000",,,,"-15,000,000",,,,,,,,,,,,,,,,,,,,,,,,,,,,,
	OtherunderPreferredStockDividend,,,,,,"71,800,000","77,200,000",,,,,,,,,,,,,,,,,,,,,,,,,,,,,,,,,,,,,,,,,,,,,,,,,,,,,,,,,,,,,,,,,,,,,,,,,,,,,,,,,,,,,,,,,,,,,,,,,,,,,,,,,,,
DilutedNIAvailtoComStockholders,"8,190,000,000","34,000,000","2,600,000,000","2,800,000,000","2,756,000,000","3,039,200,000","1,054,800,000","3,957,000,000","3,721,000,000","2,636,000,000","1,021,000,000","2,724,000,000","2,037,000,000","2,849,000,000","548,000,000","1,954,000,000","2,088,000,000","1,606,000,000","-1,626,000,000","1,079,000,000","2,971,000,000","2,663,000,000","-5,658,000,000","3,463,000,000","3,104,000,000","3,335,000,000","2,234,000,000","3,725,693,929.049","3,300,634,887.594","1,968,292,183.178","3,095,987,515.539","3,936,775,336.732","2,006,608,515.11","4,885,076,637.808","2,348,053,819.776","4,501,005,052.426","3,946,435,034.383","5,571,400,333.211","2,419,321,876.652","3,852,653,383.848","3,778,573,865.575","3,507,900,495.375","2,756,974,174.915","2,815,932,054.474","3,043,100,061.732","3,038,142,620.232","-1,289,677,422.947","4,295,000,000","7,453,000,000","5,688,655,853.693","5,572,000,000","4,455,000,000","4,617,133,884.7","4,072,000,000","3,432,000,000","3,067,000,000","4,400,000,000","4,462,000,000","2,589,000,000","4,381,000,000","3,720,000,000","4,157,000,000","5,094,000,000","2,944,000,000","2,493,000,000","2,413,000,000","2,501,000,000","1,992,000,000","1,843,000,000","2,310,000,000","1,856,000,000","1,476,000,000","1,491,000,000","1,244,000,000","1,414,000,000","1,414,000,000","1,999,000,000","1,928,000,000","1,951,000,000","1,543,000,000","1,626,000,000","1,629,000,000","-731,000,000","1,471,000,000","384,100,000","400,000,000","377,300,000","220,400,000","203,600,000","199,400,000","298,700,000","321,600,000","323,800,000","337,500,000","272,200,000","272,300,000","272,300,000","272,300,000","114,600,000","114,600,000","114,600,000","114,600,000","154,200,000","159,900,000","155,500,000","148,100,000","94,900,000","94,800,000","157,300,000","157,300,000","128,700,000","128,900,000","128,800,000","128,800,000"
BasicEPS,,"0.01","0.98","1.05","1.01","1.17","0.4","1.48","1.38","1","0.37","1.06","0.79","1.14","0.2","0.79","0.86","0.67","-0.72","0.45","1.29","1.16","-2.49","1.52","1.37","1.47","0.98","1.646","1.457","0.871","1.389","1.746","0.886","2.161","1.322","1.997","1.752","2.485",,"1.731","1.694","1.571","1.332","1.259","1.361","1.367",,"1.91","3.34","2.543",,"1.97","2.044","1.802",,"1.344","1.905","1.926",,"1.863","1.574","1.743",,"1.2","1.008","0.969",,"0.789","0.724","0.893",,"0.558","0.553","0.466",,"0.983","0.71","0.684",,"0.543","0.575","0.575",,"0.38","0.275","0.409",,"0.23","0.21","0.205",,"0.325","0.33","0.345",,"0.285","0.285","0.285",,"0.12","0.12","0.12",,"0.345","0.335","0.32",,"0.21","0.365","0.365",,"0.155","0.15","0.15"
DilutedEPS,,"0.01","0.97","1.04","1","1.16","0.4","1.47","1.38","0.99","0.37","1.06","0.79","1.13","0.2","0.79","0.86","0.67","-0.72","0.45","1.29","1.16","-2.49","1.52","1.36","1.46","0.98","1.633","1.457","0.871","1.389","1.733","0.886","2.161","1.309","1.997","1.752","2.471",,"1.717","1.682","1.571","1.318","1.259","1.361","1.353",,"1.91","3.309","2.527",,"1.955","2.03","1.789",,"1.331","1.892","1.908",,"1.863","1.574","1.743",,"1.2","1.008","0.969",,"0.789","0.724","0.893",,"0.558","0.553","0.466",,"0.983","0.71","0.684",,"0.543","0.575","0.575",,"0.38","0.275","0.409",,"0.23","0.21","0.205",,"0.325","0.33","0.345",,"0.285","0.285","0.285",,"0.12","0.12","0.12",,"0.345","0.335","0.32",,"0.21","0.365","0.365",,"0.155","0.15","0.15"
BasicAverageShares,,"2,573,173,827","2,653,061,224","2,666,666,667","2,728,712,871","2,597,606,838","2,830,000,000","2,673,648,649","2,696,376,812","2,636,000,000","2,759,459,459","2,569,811,321","2,578,481,013","2,499,122,807","2,740,000,000","2,473,417,722","2,427,906,977","2,397,014,925","2,258,333,333","2,397,777,778","2,303,100,775","2,295,689,655","2,272,289,157","2,278,289,474","2,265,693,431","2,268,707,483","2,260,563,380","2,263,114,754","2,265,178,571","2,260,294,118","2,267,619,048","2,254,411,765","2,264,285,714","2,265,000,000","1,892,561,983","2,254,421,769","2,252,892,562","2,242,045,455",,"2,225,984,252","2,230,935,252","2,233,333,333","2,220,430,108","2,236,800,000","2,235,600,000","2,223,300,971",,"2,248,306,180","2,231,329,568","2,237,267,081",,"2,394,802,679","2,258,940,397","2,392,912,284",,"2,302,300,000","2,309,395,973","2,316,352,202",,"2,352,000,000","2,364,400,000","2,384,400,000",,"2,446,227,868","2,474,800,000","2,598,963,236",,"2,503,914,136","2,530,105,804","2,557,141,012",,"2,645,398,333","2,692,000,000","2,670,387,464",,"2,815,534,676","2,815,534,676","2,820,156,513",,"2,842,929,526","2,790,086,200","2,833,043,478",,"977,332,000","977,332,000","977,332,000",,"958,256,703","969,523,810","972,682,927",,"989,538,462","981,212,121","978,260,870",,"955,438,596","955,438,596","955,438,596",,"955,000,000","955,000,000","955,000,000",,"878,290,000","878,308,000","878,308,000",,"760,008,000","760,008,000","760,008,000",,"831,607,538","858,660,942","858,660,942"
DilutedAverageShares,,"2,601,000,000","2,653,061,224","2,666,666,667","2,728,712,871","2,620,000,000","2,830,000,000","2,673,648,649","2,696,376,812","2,636,000,000","2,759,459,459","2,569,811,321","2,578,481,013","2,499,122,807","2,740,000,000","2,473,417,722","2,427,906,977","2,397,014,925","2,329,000,000","2,397,777,778","2,303,100,775","2,295,689,655","2,287,000,000","2,285,000,000","2,281,000,000","2,277,000,000","2,276,000,000","2,275,000,000","2,274,000,000","2,269,000,000","2,270,000,000","2,268,000,000","2,264,285,714","2,265,000,000","1,892,561,983","2,261,000,000","2,252,892,562","2,251,100,000",,"2,243,650,794","2,242,500,000","2,233,333,333","2,244,565,217","2,236,800,000","2,235,600,000","2,235,400,000",,"2,248,306,180","2,252,900,000","2,251,250,000",,"2,394,802,679","2,278,400,000","2,392,912,284",,"2,302,300,000","2,325,000,000","2,338,412,698",,"2,352,000,000","2,364,400,000","2,384,400,000",,"2,446,227,868","2,474,800,000","2,598,963,236",,"2,503,914,136","2,530,105,804","2,557,141,012",,"2,645,398,333","2,692,000,000","2,670,387,464",,"2,815,534,676","2,815,534,676","2,820,156,513",,"2,842,929,526","2,790,086,200","2,833,043,478",,"977,332,000","977,332,000","977,332,000",,"958,256,703","969,523,810","972,682,927",,"989,538,462","981,212,121","978,260,870",,"955,438,596","955,438,596","955,438,596",,"955,000,000","955,000,000","955,000,000",,"878,290,000","878,308,000","878,308,000",,"760,008,000","760,008,000","760,008,000",,"831,607,538","858,660,942","858,660,942"
TotalExpenses,"159,484,000,000","38,787,000,000","39,964,000,000","38,529,000,000","41,299,000,000","40,200,000,000","44,896,000,000","42,737,000,000","40,953,000,000","39,503,000,000","40,223,000,000","33,691,000,000","32,501,000,000","34,929,000,000","36,824,000,000","29,902,000,000","29,958,000,000","26,649,000,000","37,366,000,000","33,654,000,000","35,567,000,000","34,487,000,000","53,986,000,000","49,068,000,000","50,830,000,000","49,060,000,000","53,204,000,000","50,985,736,839.975","49,687,760,199.833","49,109,978,485.811","54,286,243,288.28","50,975,205,762.638","51,169,150,134.829","52,461,881,194.723","43,610,108,980.434","49,157,929,048.731","50,368,440,101.339","47,866,602,660.04","40,654,990,875.578","41,218,076,262.64","37,543,256,811.425","38,098,242,693.552","37,460,232,767.047","36,904,378,386.294","32,163,701,666.76","28,750,912,106.136","45,721,123,033.661","52,438,000,000","53,528,000,000","50,269,271,466.7","47,349,000,000","40,089,000,000","36,742,152,496.718","34,556,000,000","37,343,000,000","35,627,000,000","36,977,000,000","33,875,000,000","58,680,000,000","31,119,000,000","26,594,000,000","26,661,000,000","50,010,000,000","33,159,000,000","30,387,000,000","29,968,000,000","36,905,000,000","25,125,000,000","24,664,000,000","26,629,000,000",,,"23,482,000,000",,,,"20,492,000,000",,,,"21,840,000,000",,,,"8,539,200,000",,,,,,,,,,,,,,,,,,,,,,,,,,,,,
NetIncomeFromContinuingAndDiscontinuedOperation,"8,190,000,000","34,000,000","2,600,000,000","2,800,000,000","2,756,000,000","3,111,000,000","1,132,000,000","3,957,000,000","3,721,000,000","2,636,000,000","1,021,000,000","2,724,000,000","2,037,000,000","2,849,000,000","548,000,000","1,954,000,000","2,088,000,000","1,606,000,000","-1,626,000,000","1,079,000,000","2,971,000,000","2,663,000,000","-5,658,000,000","3,463,000,000","3,104,000,000","3,335,000,000","2,234,000,000","3,725,693,929.049","3,300,634,887.594","1,968,292,183.178","3,095,987,515.539","3,936,775,336.732","2,006,608,515.11","4,885,076,637.808","2,348,053,819.776","4,501,005,052.426","3,946,435,034.383","5,571,400,333.211","2,419,321,876.652","3,852,653,383.848","3,778,573,865.575","3,507,900,495.375","2,756,974,174.915","2,815,932,054.474","3,043,100,061.732","3,038,142,620.232","-1,289,677,422.947","4,295,000,000","7,453,000,000","5,688,655,853.693","5,572,000,000","4,455,000,000","4,617,133,884.7","4,072,000,000","3,432,000,000","3,067,000,000","4,400,000,000","4,462,000,000","2,589,000,000","4,381,000,000","3,720,000,000","4,157,000,000","5,094,000,000","2,944,000,000","2,493,000,000","2,413,000,000","2,501,000,000","1,992,000,000","1,843,000,000","2,310,000,000","1,856,000,000","1,476,000,000","1,491,000,000","1,244,000,000","1,414,000,000","1,414,000,000","1,999,000,000","1,928,000,000","1,951,000,000","1,543,000,000","1,626,000,000","1,629,000,000","-731,000,000","1,471,000,000","384,100,000","400,000,000","377,300,000","220,400,000","203,600,000","199,400,000","298,700,000","321,600,000","323,800,000","337,500,000","272,200,000","272,300,000","272,300,000","272,300,000","114,600,000","114,600,000","114,600,000","114,600,000","154,200,000","159,900,000","155,500,000","148,100,000","94,900,000","94,800,000","157,300,000","157,300,000","128,700,000","128,900,000","128,800,000","128,800,000"
NormalizedIncome,"8,190,000,000","34,000,000","2,600,000,000","2,800,000,000","2,756,000,000","3,111,000,000","1,132,000,000","3,957,000,000","3,721,000,000","2,636,000,000","1,021,000,000","2,724,000,000","2,037,000,000","2,849,000,000","548,000,000","1,954,000,000","2,088,000,000","1,606,000,000","-1,626,000,000","1,079,000,000","2,971,000,000","2,663,000,000","-5,658,000,000","3,463,000,000","3,104,000,000","3,335,000,000","2,234,000,000","3,725,693,929.049","3,300,634,887.594","1,968,292,183.178","3,095,987,515.539","3,641,438,219.848","2,197,361,911.152","4,713,427,824.393","2,059,586,397.709","3,485,036,399.196","3,946,435,034.383","5,546,925,987.632","2,419,321,876.652","3,852,653,383.848","3,778,573,865.575","3,507,900,495.375","2,756,974,174.915","2,815,932,054.474","3,043,100,061.732","3,038,142,620.232","-1,514,488,019.601","4,374,200,000","7,553,200,000","5,688,655,853.693","5,196,400,000","4,331,400,000","4,651,244,636.355","3,997,600,000","3,155,800,000","3,109,400,000","4,364,600,000","4,321,000,000","17,451,000,000","4,388,800,000","3,697,800,000","4,270,400,000","2,996,400,000","3,026,200,000","2,604,600,000","2,419,000,000","2,815,400,000","2,072,400,000","1,954,000,000","2,479,800,000","1,856,000,000","1,476,000,000","1,426,800,000","1,244,000,000","1,414,000,000","1,414,000,000","1,853,200,000","1,928,000,000","1,951,000,000","1,543,000,000","1,537,800,000","1,629,000,000","-731,000,000","1,471,000,000","315,355,600.707","400,000,000","377,300,000","220,400,000","203,600,000","199,400,000","298,700,000","321,600,000","323,800,000","337,500,000","272,200,000","272,300,000","272,300,000","272,300,000","114,600,000","114,600,000","114,600,000","114,600,000","154,200,000","159,900,000","155,500,000","148,100,000","94,900,000","94,800,000","157,300,000","157,300,000","128,700,000","128,900,000","128,800,000","128,800,000"
InterestIncome,,,"51,000,000",,,,,,,,,,,,,,,,,,,,,,,,,,,,,"10,272,081.766","30,383,977.516","46,689,700.252","60,466,538.933","154,832,400.717","79,623,597.539","66,359,811.369","54,298,342.334","54,512,251.629","202,271,287.225","127,535,609.285","-663,125,181.055","128,862,205.301","392,839,104.327","283,913,764.511",,,,"203,730,317.914",,,"456,163,623.32",,,,,,,,,,,,,,,,,,,,,,,,,,,,,,,,,,,,,,,,,,,,,,,,,,,,,,,,,,,,,
InterestExpense,"2,241,000,000","724,000,000","606,000,000","598,000,000","610,000,000","561,000,000","529,000,000","536,000,000","478,000,000","390,000,000","352,000,000","368,000,000","345,000,000","331,000,000","-178,000,000","268,000,000","267,000,000","274,000,000","-123,000,000","233,000,000","231,000,000","262,000,000","108,000,000","173,000,000","266,000,000","201,000,000","217,000,000","214,554,630.467","236,781,848.46","216,422,497.695","211,601,026.265","197,737,573.991","215,219,840.737","249,456,398.49","-54,023,660.468","355,842,885.859","230,184,581.976","192,019,879.705","6,156,027.469","171,713,592.63","253,448,359.897","261,783,619.058","-392,314,204.538","289,939,961.927","311,465,289.859","334,328,358.209",,,,"405,881,331.038",,,"605,059,761.495",,,,,,,,,,,,,,,,,,,,,,,,,,,,,,,,,,,,,,,,,,,,,,,,,,,,,,,,,,,,,
NetInterestIncome,"-1,956,000,000","-717,000,000","-615,000,000","-613,000,000","-472,000,000","-624,000,000","-475,000,000","-480,000,000","-370,000,000","-361,000,000","-316,000,000","-373,000,000","-256,000,000","-274,000,000","94,000,000","-162,000,000","-120,000,000","-228,000,000","159,000,000","-192,000,000","-111,000,000","-255,000,000","-29,000,000","-126,000,000","-153,000,000","-187,000,000","-170,000,000","-222,651,031.616","-192,547,876.769","-220,264,317.181","-150,765,731.214","-179,761,430.901","-69,629,948.474","-270,800,261.462","282,788,472.237","-210,517,737.817","183,858,125.226","-172,253,127.383","-97,841,879.243","-106,298,890.676","-51,177,072.671","-134,248,009.773","-11,483,794.443","-161,077,756.626","81,373,814.468","-50,414,593.698",,,,"-131,082,297.573",,,"33,840,031.404",,,,,,,,,,,,,,,,,,,,,,,,,,,,,,,,,,,,,,,,,,,,,,,,,,,,,,,,,,,,,
EBIT,"14,467,000,000","689,000,000","4,107,000,000","4,983,000,000","4,985,000,000","5,610,000,000","2,302,000,000","6,863,000,000","6,199,000,000","4,635,000,000","1,854,000,000","4,223,000,000","2,844,000,000","3,803,000,000","746,000,000","2,499,000,000","2,715,000,000","1,847,000,000","-3,304,000,000","1,759,000,000","4,833,000,000","4,252,000,000","-6,456,000,000","6,538,000,000","6,297,000,000","7,233,000,000","6,296,000,000","7,888,593,520.18","6,782,108,659.45","6,145,630,570.638","6,736,847,673.711","8,704,305,286.27","5,675,473,800.149","10,893,374,064.539","5,767,893,326.909","9,584,668,875.971","9,269,634,455.302","11,642,617,118.008","5,497,009,690.526","7,402,763,771.158","7,548,618,219.038","7,250,735,007.854","40,982,068,563.54","6,003,807,292.429","6,063,752,174.645","5,940,961,857.38","3,729,809,421.722","9,582,000,000","14,674,000,000","12,051,674,852.73","10,961,000,000","8,373,000,000","9,791,951,486.931","7,749,000,000","7,460,000,000","6,880,000,000","8,760,000,000","8,525,000,000","5,333,000,000","8,790,000,000","7,029,000,000","7,921,000,000","6,953,000,000","5,521,000,000","4,824,000,000","4,314,000,000","4,835,000,000","3,376,000,000","3,296,000,000","4,210,000,000","-64,836,000,000","25,664,000,000","2,736,000,000","20,711,000,000","-70,806,000,000","23,289,000,000","3,154,000,000","23,928,000,000","-60,302,000,000","27,421,000,000","3,171,000,000","25,055,000,000","-46,778,000,000","30,672,000,000","568,100,000","9,486,100,000","-19,757,900,000","7,126,800,000","6,584,100,000","6,448,400,000","-22,050,100,000","8,073,300,000","8,130,700,000","8,474,600,000","-23,789,900,000","8,515,400,000","8,515,400,000","8,515,400,000","-19,470,800,000","6,923,900,000","6,923,900,000","6,923,900,000","-18,190,000,000","6,462,500,000","6,283,700,000","5,986,000,000","-16,352,200,000","5,622,800,000","5,895,500,000","5,895,500,000","-17,304,600,000","6,182,900,000","6,182,800,000","6,182,800,000"
EBITDA,"30,882,000,000"
ReconciledCostOfRevenue,"130,468,000,000","31,703,000,000","32,643,000,000","32,071,000,000","34,051,000,000","33,187,000,000","37,782,000,000","35,630,000,000","34,034,000,000","32,362,000,000","33,350,000,000","27,402,000,000","26,196,000,000","28,566,000,000","28,906,000,000","24,159,000,000","23,516,000,000","20,319,000,000","29,546,000,000","27,585,000,000","29,184,000,000","27,578,000,000","46,544,000,000","41,710,000,000","43,300,000,000","41,077,000,000","44,926,000,000","43,377,818,559.65","42,002,758,118.235","41,863,026,329.27","45,318,327,293.887","39,087,839,139.2","40,711,997,873.122","42,388,911,863.186","32,625,988,864.035","39,154,941,055.033","40,935,215,345.639","38,196,425,041.651","28,428,159,995.351","32,449,780,588.187","29,098,269,515.672","28,902,254,024.084","27,926,308,321.536","27,419,378,059.51","22,635,490,839.943","20,015,920,398.01","34,699,550,658.463","44,237,000,000","44,207,923,229.994","40,284,906,584.122","37,772,000,000","32,071,112,484.264","28,770,794,699.297","26,423,000,000","28,898,000,000","27,411,000,000","28,575,369,026.323","25,608,000,000","32,377,000,000","29,557,000,000","18,175,000,000","25,050,000,000","47,017,000,000","31,412,000,000","28,816,000,000","28,445,000,000","34,844,000,000","23,560,000,000","23,175,000,000","25,248,000,000",,,"22,169,000,000",,,,"19,543,000,000",,,,"20,726,000,000",,,,"7,993,400,000",,,,,,,,,,,,,,,,,,,,,,,,,,,,,
ReconciledDepreciation,"16,415,000,000","3,730,000,000","4,624,000,000","4,242,000,000","3,819,000,000","3,716,000,000","4,553,000,000","3,477,000,000","3,508,000,000","3,046,000,000","5,857,000,000","3,164,000,000","2,930,000,000","4,660,000,000","5,030,000,000","3,297,000,000","3,361,000,000","2,735,000,000","8,278,000,000","3,519,000,000","3,113,000,000","4,424,000,000","11,310,000,000","3,288,000,000","3,087,000,000","3,174,000,000","3,363,000,000","4,276,249,207.227","2,750,312,239.8","2,953,078,578.015","3,704,340,466.051","4,382,326,883.322","2,739,621,972.68","2,805,383,989.435","3,589,105,677.208","2,800,565,002.445","2,375,678,610.206","2,665,687,741.79","5,090,476,544.705","2,605,685,627.845","2,200,165,928.106","2,511,780,262.858","2,793,455,950.841","2,656,767,789.077","2,528,659,785.793","2,203,648,424.544","2,508,834,089.707","1,571,000,000","2,328,076,770.006","2,218,923,229.994","2,491,000,000","2,221,887,515.736","2,023,633,877.932","1,920,000,000","2,355,000,000","1,674,000,000","1,787,630,973.677","1,610,000,000","1,984,000,000","1,563,000,000","1,531,000,000","1,611,000,000","3,308,000,000","1,778,000,000","1,604,000,000","1,560,000,000","2,122,000,000","1,603,000,000","1,530,000,000","1,414,000,000",,,"1,361,000,000",,,,"986,000,000",,,,"1,114,000,000",,,,"545,800,000",,,,,,,,,,,,,,,,,,,,,,,,,,,,,
NetIncomeFromContinuingOperationNetMinorityInterest,"8,190,000,000","34,000,000","2,600,000,000","2,800,000,000","2,756,000,000","3,111,000,000","1,132,000,000","3,957,000,000","3,721,000,000","2,636,000,000","1,021,000,000","2,724,000,000","2,037,000,000","2,849,000,000","548,000,000","1,954,000,000","2,088,000,000","1,606,000,000","-1,626,000,000","1,079,000,000","2,971,000,000","2,663,000,000","-5,658,000,000","3,463,000,000","3,104,000,000","3,335,000,000","2,234,000,000","3,725,693,929.049","3,300,634,887.594","1,968,292,183.178","3,095,987,515.539","3,936,775,336.732","2,006,608,515.11","4,885,076,637.808","2,348,053,819.776","4,501,005,052.426","3,946,435,034.383","5,571,400,333.211","2,419,321,876.652","3,852,653,383.848","3,778,573,865.575","3,507,900,495.375","2,756,974,174.915","2,815,932,054.474","3,043,100,061.732","3,038,142,620.232","-1,289,677,422.947","4,295,000,000","7,453,000,000","5,688,655,853.693","5,572,000,000","4,455,000,000","4,617,133,884.7","4,072,000,000","3,433,000,000","3,083,000,000","4,400,000,000","4,462,000,000","2,589,000,000","4,381,000,000","3,720,000,000","4,157,000,000","5,094,000,000","2,944,000,000","2,493,000,000","2,413,000,000","2,501,000,000","1,992,000,000","1,843,000,000","2,310,000,000","1,856,000,000","1,476,000,000","1,491,000,000","1,244,000,000","1,414,000,000","1,414,000,000","1,999,000,000","1,928,000,000","1,951,000,000","1,543,000,000","1,626,000,000","1,629,000,000","-731,000,000","1,471,000,000","384,100,000","400,000,000","377,300,000","220,400,000","203,600,000","199,400,000","298,700,000","321,600,000","323,800,000","337,500,000","272,200,000","272,300,000","272,300,000","272,300,000","114,600,000","114,600,000","114,600,000","114,600,000","154,200,000","159,900,000","155,500,000","148,100,000","94,900,000","94,800,000","157,300,000","157,300,000","128,700,000","128,900,000","128,800,000","128,800,000"
TotalUnusualItemsExcludingGoodwill,,,,,,,,,,,,,,,,,,,,,,,,,,,,,,,,"442,983,526.149","-286,115,788.274","257,460,347.105","432,679,499.126","1,523,876,786.005",,"36,709,682.885",,,,,,,,,"374,684,327.756","-132,000,000","-167,000,000",,"626,000,000","206,000,000","-56,851,252.758","124,000,000","462,000,000","-44,000,000","59,000,000","235,000,000","-24,770,000,000","-13,000,000","37,000,000","-189,000,000","3,496,000,000","-137,000,000","-186,000,000","-10,000,000","-524,000,000","-134,000,000","-185,000,000","-283,000,000",,,"107,000,000",,,,"243,000,000",,,,"147,000,000",,,,"101,300,000",,,,,,,,,,,,,,,,,,,,,,,,,,,,,
TotalUnusualItems,,,,,,,,,,,,,,,,,,,,,,,,,,,,,,,,"442,983,526.149","-286,115,788.274","257,460,347.105","432,679,499.126","1,523,876,786.005",,"36,709,682.885",,,,,,,,,"374,684,327.756","-132,000,000","-167,000,000",,"626,000,000","206,000,000","-56,851,252.758","124,000,000","462,000,000","-44,000,000","59,000,000","235,000,000","-24,770,000,000","-13,000,000","37,000,000","-189,000,000","3,496,000,000","-137,000,000","-186,000,000","-10,000,000","-524,000,000","-134,000,000","-185,000,000","-283,000,000",,,"107,000,000",,,,"243,000,000",,,,"147,000,000",,,,"101,300,000",,,,,,,,,,,,,,,,,,,,,,,,,,,,,
NormalizedEBITDA,"30,882,000,000","4,419,000,000","8,731,000,000","9,225,000,000","8,804,000,000","9,326,000,000","6,855,000,000","10,340,000,000","9,707,000,000","7,681,000,000","7,711,000,000","7,387,000,000","5,774,000,000","8,463,000,000","5,776,000,000","5,796,000,000","6,076,000,000","4,582,000,000","4,974,000,000","5,278,000,000","7,946,000,000","8,676,000,000","4,854,000,000","9,826,000,000","9,384,000,000","10,407,000,000","9,659,000,000","12,164,842,727.408","9,532,420,899.251","9,098,709,148.653","10,441,188,139.762","12,643,648,643.443","8,701,211,561.103","13,441,297,706.869","8,924,319,504.991","10,861,357,092.41","11,645,313,065.509","14,271,595,176.912","10,587,486,235.231","10,008,449,399.002","9,748,784,147.144","9,762,515,270.711","43,796,181,035.792","8,660,575,081.506","8,592,411,960.438","8,144,610,281.924","5,949,171,617.897","11,586,000,000","17,169,076,770.006","14,270,598,082.724","12,843,000,000","10,388,887,515.736","11,872,436,617.621","9,545,000,000","9,353,000,000","8,598,000,000","10,488,630,973.677","9,900,000,000","32,087,000,000","10,366,000,000","8,572,000,000","9,721,000,000","6,765,000,000","7,436,000,000","6,614,000,000","5,884,000,000","7,481,000,000","5,113,000,000","5,011,000,000","5,907,000,000","-64,836,000,000","25,664,000,000","3,990,000,000","20,711,000,000","-70,806,000,000","23,289,000,000","3,897,000,000","23,928,000,000","-60,302,000,000","27,421,000,000","4,138,000,000","25,055,000,000","-46,778,000,000","30,672,000,000","1,012,600,000","9,486,100,000","-19,757,900,000","7,126,800,000","6,584,100,000","6,448,400,000","-22,050,100,000","8,073,300,000","8,130,700,000","8,474,600,000","-23,789,900,000","8,515,400,000","8,515,400,000","8,515,400,000","-19,470,800,000","6,923,900,000","6,923,900,000","6,923,900,000","-18,190,000,000","6,462,500,000","6,283,700,000","5,986,000,000","-16,352,200,000","5,622,800,000","5,895,500,000","5,895,500,000","-17,304,600,000","6,182,900,000","6,182,800,000","6,182,800,000"
TaxRateForCalcs,"0.321","0.28","0.243","0.351","0.359","0.378","0.334","0.354","0.365","0.376","0.333","0.283","0.189","0.2","0.333","0.113","0.135","0.333","0.333","0.302","0.345","0.371","0.11","0.333","0.333","0.333","0.333","0.333","0.333","0.333","0.333","0.333","0.333","0.333","0.333","0.333","0.333","0.333","0.333","0.333","0.333","0.333","0.333","0.333","0.333","0.333","0.4","0.4","0.4","0.4","0.4","0.4","0.4","0.4","0.4","0.4","0.4","0.4","0.4","0.4","0.4","0.4","0.4","0.4","0.4","0.4","0.4","0.4","0.4","0.4","0.4","0.4","0.4","0.4","0.4","0.4","0.4","0.4","0.4","0.4","0.4","0.4","0.4","0.4","0.321","0.4","0.4","0.4","0.4","0.4","0.4","0.4","0.4","0.4","0.4","0.4","0.4","0.4","0.4","0.4","0.4","0.4","0.4","0.4","0.4","0.4","0.4","0.4","0.4","0.4","0.4","0.4","0.4","0.4"
TaxEffectOfUnusualItems,"0","0","0","0","0","0","0","0","0","0","0","0","0","0","0","0","0","0","0","0","0","0","0","0","0","0","0","0","0","0","0","147,646,409.265","-95,362,392.232","85,811,533.69","144,212,077.059","507,908,132.776","0","12,235,337.306","0","0","0","0","0","0","0","0","149,873,731.102","-52,800,000","-66,800,000","0","250,400,000","82,400,000","-22,740,501.103","49,600,000","184,800,000","-17,600,000","23,600,000","94,000,000","-9,908,000,000","-5,200,000","14,800,000","-75,600,000","1,398,400,000","-54,800,000","-74,400,000","-4,000,000","-209,600,000","-53,600,000","-74,000,000","-113,200,000","0","0","42,800,000","0","0","0","97,200,000","0","0","0","58,800,000","0","0","0","32,555,600.707","0","0","0","0","0","0","0","0","0","0","0","0","0","0","0","0","0","0","0","0","0","0","0","0","0","0","0","0","0"