name,ttm,12/31/2019,12/31/2018,12/31/2017,12/31/2016,12/31/2015,12/31/2014,12/31/2013,12/31/2012,12/31/2011,12/31/2010,12/31/2009,12/31/2008,12/31/2007,12/31/2006,12/31/2005,12/31/2004,12/31/2003,12/31/2002,12/31/2001,12/31/2000,12/31/1999,12/31/1998,12/31/1997,12/31/1996,12/31/1995,12/31/1994,12/31/1993,12/31/1992,12/31/1991,12/31/1990,12/31/1989,12/31/1988,12/31/1987,12/31/1986,12/31/1985
TotalRevenue,"395,466,000","490,060,000","299,728,000","131,831,000","59,911,397","79,414,853","55,202,230","44,109,074","32,587,456","33,420,759","20,065,965","13,084,860","19,296,266","15,465,111","22,461,198","15,407,641","29,140,610","9,953,329","9,122,098","13,429,368","7,798,999","5,924,237","10,479,670","13,075,037","8,581,087","6,440,285","9,100,000","5,300,000","4,300,000","4,900,000","5,600,000","5,400,000","4,900,000","5,400,000","6,200,000","12,200,000"
	OperatingRevenue,"395,366,000","490,060,000","299,728,000","131,831,000","59,911,397","79,414,853","55,202,230","44,109,074","32,587,456","33,420,759","18,983,946","11,345,370","17,934,902","15,835,111","23,022,482","15,407,641","29,140,610","9,953,329","9,122,098","13,429,368","7,798,999","6,000,000","10,500,000","13,100,000","8,600,000","6,400,000","9,100,000","5,300,000","4,300,000","4,900,000","5,600,000","5,400,000","4,900,000","5,400,000","6,200,000","12,200,000"
CostOfRevenue,"34,047,000","29,714,000","13,751,000","867,000","43,290","35,832","19,730","16,286","16,504","0","0","0","0",,,,,,,,,,,,,,,,,,,,,,,
GrossProfit,"361,419,000","460,346,000","285,977,000","130,964,000","59,868,107","79,379,021","55,182,500","44,092,788","32,570,952","33,420,759","20,065,965","13,084,860","19,296,266",,,,,,,,,,,,,,,,,,,,,,,
OperatingExpense,"66,457,000","60,773,000","25,143,000","11,188,000","4,810,257","4,123,439","3,765,469","3,962,215","3,267,501","3,563,118","3,667,491","3,093,524","3,720,046","3,957,397","6,143,467","3,234,913","3,368,175","2,358,086","2,028,478","3,385,347","2,456,242","1,724,815","1,638,132","3,243,920","2,442,527","1,688,567","-1,300,000","-800,000","-700,000","-1,200,000","-1,100,000","-1,400,000","-1,300,000","-1,300,000","-1,300,000","-1,400,000"
	SellingGeneralAndAdministration,"66,757,000","61,209,000","25,635,000","8,517,000","3,023,480","2,638,863","2,065,213","2,533,580","2,317,744","2,583,047","2,876,720","2,439,935","2,784,624","579,690","555,367","487,231","442,646","405,613","445,148","530,555","468,945","413,616","398,692","491,395","430,583","455,972","500,000","900,000","900,000","400,000","400,000",,,,,
		GeneralAndAdministrativeExpense,"66,757,000","61,209,000","25,635,000","8,517,000","3,023,480","2,638,863","2,065,213","2,533,580","2,317,744","2,583,047","2,876,720","2,439,935","2,784,624","579,690","555,367","487,231","442,646","405,613","445,148","530,555","468,945","413,616","398,692","491,395","430,583","455,972","500,000","900,000","900,000","400,000","400,000",,,,,
			SalariesAndWages,"39,197,000","35,041,000","18,433,000","3,232,000","1,240,802","1,195,598","917,726","1,189,141","1,106,599","1,002,489","1,003,748","999,116","890,077","890,843","892,372","847,684","818,757","657,475","680,889","618,740","629,516","600,000","600,000","500,000","400,000","400,000","500,000","900,000","900,000","400,000","400,000",,,,,
			OtherGandA,"27,560,000","26,168,000","7,202,000","5,285,000","1,782,678","1,443,265","1,147,487","1,344,439","1,211,145","1,580,558","1,872,972","1,440,819","1,894,547","311,153","337,005","360,453","376,111","251,862","235,741","88,185","160,571","186,384","201,308","8,605","30,583","55,972",,,,,,,,,,
	DepreciationAmortizationDepletionIncomeStatement,,,,,,,,,,"12,675","15,391","42,141","36,803","35,999","37,134","28,791","38,174","50,929","49,965","52,116","44,413","48,026","60,321","49,201","15,726","11,314",,,,,,,,,,
		DepreciationAndAmortizationInIncomeStatement,,,,,,,,,,"12,675","15,391","42,141","36,803","35,999","37,134","28,791","38,174","50,929","49,965","52,116","44,413","48,026","60,321","49,201","15,726","11,314",,,,,,,,,,
			DepreciationIncomeStatement,,,,,,,,,,"12,675","15,391","42,141","36,803","35,999","37,134","28,791","38,174","50,929","49,965","52,116","44,413","48,026","60,321","49,201","15,726","11,314",,,,,,,,,,
	OtherTaxes,,,,"3,161,000","1,779,277","1,476,576","1,692,256","1,420,635","941,757","922,951","775,380","611,448","898,619","-3,957,397","-6,143,467","-3,234,913","-3,368,175","-2,358,086","-2,028,478","-3,385,347","-2,456,242","-1,700,000","-1,600,000","-3,200,000","-2,400,000","-1,700,000","-1,800,000","-1,700,000","-1,600,000","-1,600,000","-1,500,000","-1,400,000","-1,300,000","-1,300,000","-1,300,000","-1,400,000"
	OtherOperatingExpenses,,"-436,000","-492,000","-490,000","7,500","8,000","8,000","8,000","8,000","44,445",,,,"7,299,105","11,694,433","5,953,804","6,255,530","4,259,630","3,561,843","6,188,023","4,399,126","2,963,173","2,779,119","5,903,324","4,396,218","2,921,281",,,,,,,,,,
OperatingIncome,"294,962,000","399,573,000","260,834,000","119,776,000","55,057,850","75,255,582","51,417,031","40,130,573","29,303,451","29,857,641","16,398,474","9,991,336","15,576,220","11,507,714","16,317,731","12,172,728","25,772,435","7,595,243","7,093,620","10,044,021","5,342,757","4,199,422","8,841,538","9,831,117","6,138,560","4,751,718","10,400,000","6,100,000","5,000,000","6,100,000","6,700,000","6,800,000","6,200,000","6,700,000","7,500,000","13,600,000"
NetNonOperatingInterestIncomeExpense,,,,"84,000","29,070","27,440","14,523","12,005","19,435","898,277","25,707","1,269,907","1,590,110",,,,,,,,,,,,,,,,,,,,,,,
	InterestIncomeNonOperating,,,,"84,000","29,070","27,440","14,523","12,005","19,435","898,277","25,707","1,269,907","1,590,110",,,,,,,,,,,,,,,,,,,,,,,
OtherIncomeExpense,"3,115,000","2,682,000","916,000",,,,,,,,,,,,,,,,,,,,,,,,,,,,,,,,,
	SpecialIncomeCharges,,,,,,,,,,,,,,"0","0","0","0","0","0","0","0","0","0","0","0","0",,,,,,,,,,
	OtherNonOperatingIncomeExpenses,"3,115,000","2,682,000","916,000",,,,,,,,,,,,,,,,,,,,,,,,,,,,,,,,,
PretaxIncome,"298,077,000","402,255,000","261,750,000","119,860,000","55,086,920","75,283,022","51,431,554","40,142,578","29,322,886","30,755,918","16,424,181","10,044,763","15,804,966","11,877,714","16,879,015","12,172,728","25,772,435","7,595,243","7,093,620","10,044,021","5,342,757","4,199,422","8,841,538","9,831,117","6,138,560","4,751,718","7,300,000","3,600,000","2,700,000","3,300,000","4,100,000","4,000,000","3,700,000","4,100,000","4,900,000","10,800,000"
TaxProvision,"61,946,000","83,527,000","52,014,000","43,499,000","17,847,370","25,244,515","16,666,534","12,924,070","9,675,068","10,161,149","5,115,470","3,130,720","4,865,193","3,628,026","5,309,153","3,660,141","8,359,477","2,265,092","2,192,834","3,157,508","1,584,688","1,261,595","2,808,277","3,124,376","1,874,287","1,422,817","2,300,000","1,100,000","700,000","1,000,000","1,300,000","1,200,000","1,400,000","1,400,000","1,800,000","3,800,000"
NetIncomeCommonStockholders,"236,131,000","318,728,000","209,736,000","76,361,000","37,239,550","50,038,507","34,765,020","27,218,508","19,647,818","20,594,769","11,308,711","6,914,043","10,939,773","8,249,688","11,569,862","8,512,587","17,412,958","5,330,151","4,900,786","6,886,513","3,758,069","2,937,827","6,033,261","6,706,741","4,264,273","3,328,901","5,000,000","1,700,000","2,000,000","2,300,000","2,800,000","2,800,000","2,300,000","2,700,000","3,100,000","7,000,000"
	NetIncome,"236,131,000","318,728,000","209,736,000","76,361,000","37,239,550","50,038,507","34,765,020","27,218,508","19,647,818","20,594,769","11,308,711","6,914,043","10,939,773","8,249,688","11,569,862","8,512,587","17,412,958","5,330,151","4,900,786","6,886,513","3,758,069","2,937,827","6,033,261","6,706,741","4,264,273","3,328,901","5,000,000","1,700,000","2,000,000","2,300,000","2,800,000","2,800,000","2,300,000","2,700,000","3,100,000","7,000,000"
		NetIncomeIncludingNoncontrollingInterests,"236,131,000","318,728,000","209,736,000","76,361,000","37,239,550","50,038,507","34,765,020","27,218,508","19,647,818","20,594,769","11,308,711","6,914,043","10,939,773","8,249,688","11,569,862","8,512,587","17,412,958","5,330,151","4,900,786","6,886,513","3,758,069","2,937,827","6,033,261","6,706,741","4,264,273","3,328,901","5,000,000","1,700,000","2,000,000","2,300,000","2,800,000","2,800,000","2,300,000","2,700,000","3,100,000","7,000,000"
			NetIncomeContinuousOperations,"236,131,000","318,728,000","209,736,000","76,361,000","37,239,550","50,038,507","34,765,020","27,218,508","19,647,818","20,594,769","11,308,711","6,914,043","10,939,773","8,249,688","11,569,862","8,512,587","17,412,958","5,330,151","4,900,786","6,886,513","3,758,069","2,937,827","6,033,261","6,706,741","4,264,273","3,328,901","5,000,000","2,500,000","2,000,000","2,300,000","2,800,000","2,800,000","2,300,000","2,700,000","3,100,000","7,000,000"
			NetIncomeExtraordinary,,,,,,,,,,,,,,,,,,,,,,,,,,"0",,"-800,000",,,,,,,,
DilutedNIAvailtoComStockholders,"236,131,000","318,728,000","209,736,000","76,361,000","37,239,550","50,038,507","34,765,020","27,218,508","19,647,818","20,594,769","11,308,711","6,914,043","10,939,773","8,249,688","11,569,862","8,512,587","17,412,958","5,330,151","4,900,786","6,886,513","3,758,069","2,937,827","6,033,261","6,706,741","4,264,273","3,328,901","5,000,000","1,700,000","2,000,000","2,300,000","2,800,000","2,800,000","2,300,000","2,700,000","3,100,000","7,000,000"
BasicEPS,,,"26.93","9.72","4.66","6.1","4.14","3.16","2.2","2.21","1.17","0.69","1.06","0.78","1.082","0.784","1.578","0.468","0.418","0.558","0.294","0.222","0.444","0.478","0.292","0.218","0.316","0.104","0.12","0.132","0.158","0.154","0.126","0.146","0.164","0.354"
DilutedEPS,,,"26.93","9.72","4.66","6.1","4.14","3.16","2.2","2.21","1.168","0.69","1.06","0.78","1.082","0.784","1.578","0.468","0.418","0.558","0.294","0.222","0.444","0.478","0.292","0.218","0.316","0.104","0.12","0.132","0.158","0.154","0.126","0.146","0.164","0.354"
BasicAverageShares,,,"7,787,407","7,854,705","7,989,030","8,197,632","8,397,314","8,601,171","8,939,045","9,336,998","9,679,921","10,018,028","10,354,408","10,576,523","10,693,033","10,857,892","11,034,828","11,389,212","11,724,368","12,341,421","12,782,548","13,233,455","13,588,426","14,030,839","14,603,675","15,270,188","15,822,785","16,346,154","16,666,667","17,424,242","17,721,519","18,181,818","18,253,968","18,493,151","18,902,439","19,774,011"
DilutedAverageShares,,,"7,787,407","7,854,705","7,989,030","8,197,632","8,397,314","8,601,171","8,939,045","9,336,998","9,679,921","10,070,246","10,406,889","10,576,523","10,693,033","10,857,892","11,034,828","11,389,212","11,724,368","12,341,421","12,782,548","13,255,000","13,650,000","14,146,341","14,673,913","15,270,188","15,822,785","16,346,154","16,666,667","17,424,242","17,721,519","18,181,818","18,253,968","18,493,151","18,902,439","19,774,011"
TotalOperatingIncomeAsReported,,,,,,,,,,"30,737,390","16,398,474","9,991,336","15,576,220","11,507,714","16,317,731","12,172,728","25,772,435","7,595,243","7,093,620","10,044,021","5,342,757","4,199,422","8,841,538","9,831,117","6,138,560","4,751,718",,,,,,,,,,
TotalExpenses,"100,504,000","90,487,000","38,894,000","12,055,000","4,853,547","4,159,271","3,785,199","3,978,501","3,284,005","3,563,118","3,667,491","3,093,524","3,720,046","3,957,397","6,143,467","3,234,913","3,368,175","2,358,086","2,028,478","3,385,347","2,456,242","1,724,815","1,638,132","3,243,920","2,442,527","1,688,567","-1,300,000","-800,000","-700,000","-1,200,000","-1,100,000","-1,400,000","-1,300,000","-1,300,000","-1,300,000","-1,400,000"
NetIncomeFromContinuingAndDiscontinuedOperation,"236,131,000","318,728,000","209,736,000","76,361,000","37,239,550","50,038,507","34,765,020","27,218,508","19,647,818","20,594,769","11,308,711","6,914,043","10,939,773","8,249,688","11,569,862","8,512,587","17,412,958","5,330,151","4,900,786","6,886,513","3,758,069","2,937,827","6,033,261","6,706,741","4,264,273","3,328,901","5,000,000","2,500,000","2,000,000","2,300,000","2,800,000","2,800,000","2,300,000","2,700,000","3,100,000","7,000,000"
NormalizedIncome,"236,131,000","318,728,000","209,736,000","76,361,000","37,239,550","50,038,507","34,765,020","27,218,508","19,647,818","20,594,769","11,308,711","6,914,043","10,939,773","8,249,688","11,569,862","8,512,587","17,412,958","5,330,151","4,900,786","6,886,513","3,758,069","2,937,827","6,033,261","6,706,741","4,264,273","3,328,901","5,000,000","2,500,000","2,000,000","2,300,000","2,800,000","2,800,000","2,300,000","2,700,000","3,100,000","7,000,000"
InterestIncome,,,,"84,000","29,070","27,440","14,523","12,005","19,435","898,277","25,707","1,269,907","1,590,110",,,,,,,,,,,,,,,,,,,,,,,
NetInterestIncome,,,,"84,000","29,070","27,440","14,523","12,005","19,435","898,277","25,707","1,269,907","1,590,110",,,,,,,,,,,,,,,,,,,,,,,
EBIT,"294,962,000","399,573,000","260,834,000","119,776,000","55,057,850","75,255,582","51,417,031","40,130,573","29,303,451","29,857,641","16,398,474","9,991,336","15,576,220","11,507,714","16,317,731","12,172,728","25,772,435","7,595,243","7,093,620","10,044,021","5,342,757","4,199,422","8,841,538","9,831,117","6,138,560","4,751,718","10,400,000","6,100,000","5,000,000","6,100,000","6,700,000","6,800,000","6,200,000","6,700,000","7,500,000","13,600,000"
EBITDA,"294,962,000"
ReconciledCostOfRevenue,"34,047,000","29,714,000","13,751,000","867,000","43,290","35,832","19,730","16,286","16,504","0","0","0","0",,,,,,,,,,,,,,,,,,,,,,,
ReconciledDepreciation,,"8,906,000","2,583,000","376,000","43,290","25,374","19,730","16,286","16,504","12,675","15,391","42,142","36,803","35,999","37,134","28,791","38,174","50,929","49,965","52,116","44,413","48,026","60,321","49,201","15,726","11,314",,,,,,,,,,
NetIncomeFromContinuingOperationNetMinorityInterest,"236,131,000","318,728,000","209,736,000","76,361,000","37,239,550","50,038,507","34,765,020","27,218,508","19,647,818","20,594,769","11,308,711","6,914,043","10,939,773","8,249,688","11,569,862","8,512,587","17,412,958","5,330,151","4,900,786","6,886,513","3,758,069","2,937,827","6,033,261","6,706,741","4,264,273","3,328,901","5,000,000","2,500,000","2,000,000","2,300,000","2,800,000","2,800,000","2,300,000","2,700,000","3,100,000","7,000,000"
TotalUnusualItemsExcludingGoodwill,,,,,,,,,,,,,,"0","0","0","0","0","0","0","0","0","0","0","0","0",,,,,,,,,,
TotalUnusualItems,,,,,,,,,,,,,,"0","0","0","0","0","0","0","0","0","0","0","0","0",,,,,,,,,,
NormalizedEBITDA,"294,962,000","408,479,000","263,417,000","120,152,000","55,101,140","75,280,956","51,436,761","40,146,859","29,319,955","29,870,316","16,413,865","10,033,478","15,613,023","11,543,713","16,354,865","12,201,519","25,810,609","7,646,172","7,143,585","10,096,137","5,387,170","4,247,448","8,901,859","9,880,318","6,154,286","4,763,032","10,400,000","6,100,000","5,000,000","6,100,000","6,700,000","6,800,000","6,200,000","6,700,000","7,500,000","13,600,000"
TaxRateForCalcs,"0.208","0.208","0.199","0.363","0.324","0.335","0.324","0.322","0.33","0.33","0.311","0.312","0.308","0.305","0.315","0.301","0.324","0.298","0.309","0.314","0.297","0.3","0.318","0.318","0.305","0.299","0.315","0.306","0.259","0.303","0.317","0.3","0.378","0.341","0.367","0.352"
TaxEffectOfUnusualItems,"0","0","0","0","0","0","0","0","0","0","0","0","0","0","0","0","0","0","0","0","0","0","0","0","0","0","0","0","0","0","0","0","0","0","0","0"