name,ttm,12/31/2019,12/31/2018,12/31/2017,12/31/2016,12/31/2015,12/31/2014,12/31/2013,12/31/2012,12/31/2011,12/31/2010,12/31/2009,12/31/2008,12/31/2007,12/31/2006,12/31/2005,12/31/2004,12/31/2003,12/31/2002,12/31/2001,12/31/2000,12/31/1999,12/31/1998
TotalRevenue,"17,401,676,000","17,377,194,000","16,981,329,000","16,233,959,000","15,617,413,000","17,138,851,000","19,498,165,000","19,921,291,000","18,763,947,000","17,085,977,000","14,457,450,000","13,105,935,000","13,080,965,000","12,440,616,148.48","10,091,668,135","2,918,215,000","2,564,632,000","1,083,600,607.92","891,262,959.24","791,414,294.7","716,818,561.8","708,226,930","506,839,900"
	OperatingRevenue,"25,207,313,000","25,182,831,000","24,232,404,000","22,611,074,000","22,745,589,000","25,767,812,000","29,004,502,000","29,661,754,000","27,755,812,000","17,085,977,000","14,457,450,000","13,105,935,000","13,080,965,000","12,440,616,148.48","10,091,668,135","2,918,215,000","2,564,632,000","1,083,600,607.92","891,262,959.24","791,414,294.7","716,818,561.8","708,226,930","506,839,900"
	ExciseTaxes,,"4,939,980,000","5,163,797,000","5,027,406,000","5,694,886,000","6,248,035,000","6,723,442,000","6,544,661,000","5,954,837,000",,,,,,,,,,,,,,
CostOfRevenue,"7,437,798,000","7,433,731,000","7,701,418,000","7,740,150,000","7,693,406,000","8,306,857,000","10,083,920,000","10,822,202,000","9,880,984,000","8,561,433,000","7,305,767,000","6,723,182,000","7,063,797,000","6,731,302,273.28","5,490,959,322.5","1,377,572,000","1,293,070,000","405,816,471.52","486,381,887.46","406,026,287.4","263,252,699.01","357,509,788.2","85,298,920"
GrossProfit,"9,963,878,000","9,943,463,000","9,279,911,000","8,493,809,000","7,924,007,000","8,831,994,000","9,414,245,000","9,099,089,000","8,882,963,000","8,524,544,000","7,151,683,000","6,382,753,000","6,017,168,000","5,709,313,875.2","4,600,708,812.5","1,540,643,000","1,271,562,000","677,784,136.4","404,881,071.78","385,388,007.3","453,565,862.79","350,717,141.8","421,540,980"
OperatingExpense,"5,426,351,000","5,474,264,000","6,904,083,000","6,598,403,000","6,582,540,000","6,838,718,000","6,962,663,000","6,699,442,000","6,599,060,000","6,457,102,000","5,951,549,000","5,905,728,000","5,452,796,000","5,441,981,925.12","4,735,766,435","1,059,811,000","829,719,000","367,518,724.94","287,982,056.1","266,672,031.3","439,045,031.96","309,099,590.3","207,568,760"
	SellingGeneralAndAdministration,"5,910,252,000","5,945,442,000","5,889,204,000","5,416,731,000","5,518,741,000","5,703,066,000","5,950,937,000","5,743,508,000","5,491,390,000","5,260,402,000","4,971,517,000","5,520,508,000","5,225,815,000","4,923,312,076.8","4,195,644,702.5","984,052,000","829,719,000","286,653,180.18","268,792,691.88","264,784,001.4","234,790,154.68","188,848,522","109,100,460"
		GeneralAndAdministrativeExpense,"991,969,000","959,153,000","918,424,000","841,554,000","799,712,000","876,171,000","927,965,000","831,986,000","717,229,000","643,358,000","825,356,000","1,070,536,000","1,127,426,000",,,"185,946,000","182,442,000",,,,,,
			SalariesAndWages,,"392,984,000","357,878,000","305,036,000","272,699,000","265,198,000","257,887,000","207,260,000","165,837,000",,,"581,988,000","648,162,000",,,,,,,,,,
			RentAndLandingFees,,"20,590,000","67,387,000","62,954,000","72,276,000","67,465,000","62,937,000","72,779,000","73,196,000",,"89,692,000",,,,,,,,,,,,
			OtherGandA,"578,395,000","545,579,000","493,159,000","473,564,000","454,737,000","543,508,000","607,141,000","551,947,000","478,196,000","643,358,000","735,664,000","1,070,536,000","1,127,426,000",,,"185,946,000","182,442,000",,,,,,
		SellingAndMarketingExpense,"4,918,283,000","4,986,289,000","4,970,780,000","4,575,177,000","4,719,029,000","4,826,895,000","5,022,972,000","4,911,522,000","4,774,161,000","4,617,044,000","4,146,161,000","4,449,972,000","4,098,389,000",,,"798,106,000","647,277,000",,,,,,
	DepreciationAmortizationDepletionIncomeStatement,,"739,860,000","671,562,000","833,053,000","718,617,000","664,021,000","548,210,000","499,855,000","647,917,000","548,704,000","696,759,000","326,466,000","303,399,000","249,213,785.6","299,545,877.5",,,"235,040,374.05",,,"156,073,095.38","120,251,068.3","98,468,300"
		DepreciationAndAmortizationInIncomeStatement,,"739,860,000","671,562,000","833,053,000","718,617,000","664,021,000","548,210,000","499,855,000","647,917,000","548,704,000","696,759,000","326,466,000","303,399,000","249,213,785.6","299,545,877.5",,,"235,040,374.05",,,"156,073,095.38","120,251,068.3","98,468,300"
			DepreciationIncomeStatement,,"739,860,000","671,562,000","571,126,000","445,536,000","319,106,000","202,789,000","180,570,000","312,714,000",,,"1,406,730,000","1,318,717,000",,,,,"208,280,422.3",,,,,
			Amortization,,,,"261,927,000","273,081,000","344,915,000","345,421,000","319,285,000","335,203,000",,,"326,466,000","303,399,000","249,213,785.6","299,545,877.5",,,"26,759,951.75",,,,,
				AmortizationOfIntangiblesIncomeStatement,,,,"261,927,000","273,081,000","344,915,000","345,421,000","319,285,000","335,203,000",,,"326,466,000","303,399,000","249,213,785.6","299,545,877.5",,,"26,759,951.75",,,,,
	ProvisionForDoubtfulAccounts,,,,,,"230,357,000","248,576,000",,,,,"97,742,000","42,398,000",,,,,,,,,,
	OtherTaxes,"22,855,000","22,870,000","22,425,000","16,429,000","16,454,000","3,970,000","3,270,000","1,416,000","2,624,000",,,"13,988,000","18,764,000",,,,,,,,,,
	OtherOperatingExpenses,"-1,246,616,000","-1,233,908,000","320,892,000","332,190,000","328,728,000","467,661,000","460,246,000","454,663,000","457,129,000","647,996,000","283,273,000","-52,976,000","-137,580,000","269,456,062.72","240,575,855","75,759,000",,"-154,174,829.29","19,189,364.22","1,888,029.9","48,181,781.9",,
OperatingIncome,"4,537,527,000","4,469,199,000","2,375,828,000","1,895,406,000","1,341,467,000","1,993,276,000","2,451,582,000","2,399,647,000","2,283,903,000","2,067,442,000","1,200,134,000","477,025,000","564,372,000","267,331,950.08","-135,057,622.5","480,832,000","441,843,000","310,265,411.46","116,899,015.68","118,715,976","14,520,830.83","41,617,551.5","213,972,220"
NetNonOperatingInterestIncomeExpense,"-1,048,532,000","-1,055,223,000","-405,722,000","-258,510,000","-198,632,000","-145,800,000","-194,335,000","-240,927,000","-127,553,000","-65,531,000","-139,325,000","-203,345,000","-272,251,000",,,"74,912,000","64,812,000",,,,,,
	InterestIncomeNonOperating,"153,164,000","161,521,000","199,006,000","462,753,000","675,942,000","782,493,000","641,881,000","400,792,000","221,863,000","254,279,000","190,717,000","137,336,000","173,313,000",,,"158,546,000","133,613,000",,,,,,
	InterestExpenseNonOperating,"961,542,000","991,198,000","421,749,000","560,485,000","726,417,000","796,432,000","705,814,000","497,965,000","264,757,000","319,810,000","330,042,000","340,681,000","445,564,000",,,"83,634,000","68,801,000",,,,,,
	TotalOtherFinanceCost,"240,154,000","225,546,000","182,979,000","160,778,000","148,157,000","131,861,000","130,402,000","143,754,000","84,659,000",,,,,,,,,,,,,,
OtherIncomeExpense,"1,121,512,000","1,122,091,000","-89,916,000","-201,380,000","-129,519,000","1,132,363,000","-64,330,000","-22,567,000","-2,870,000","-173,327,000","-106,132,000","-53,271,000","-176,223,000","-8,008,599.04","78,134,800","-4,742,000","-62,570,000","-6,234,852.37","-56,049,509.88","-23,645,658.6","-11,502,401.11","-12,228,922.2","-43,978,480"
	GainOnSaleOfSecurity,"10,642,000","3,949,000","1,373,000","-748,000","-4,845,000","2,409,000","2,105,000","-4,411,000","-43,883,000",,,,,,,"-2,482,000","-4,241,000",,,,,,
	EarningsFromEquityInterest,,,"0","0",,"0","0",,,,,,,,,,,"-4,290,247.79","-4,286,722.02","-1,888,029.9",,,
	SpecialIncomeCharges,"1,110,870,000","1,118,142,000","-91,289,000","-200,632,000","-124,674,000","1,129,954,000","-66,435,000","-18,156,000","41,013,000","-173,327,000","-106,132,000","-53,271,000","-176,223,000","-8,008,599.04","78,134,800","-2,260,000","-58,329,000","-1,944,604.58","-51,762,787.86","-21,757,628.7","-11,502,401.11","-12,228,922.2","-43,978,480"
		WriteOff,,,"544,881,000","316,387,000","266,442,000",,,"240,051,000","250,972,000",,,,,,,,,,,,,,
		OtherSpecialCharges,"-1,117,862,000","-1,122,983,000","88,573,000","196,879,000","167,764,000","83,357,000","66,435,000","18,156,000","-41,013,000",,,,,,,,,,,,,,
		GainOnSaleOfPPE,"-6,992,000","-4,841,000","-2,716,000","-3,753,000","43,090,000","1,213,311,000",,,,,,,,,,,,,,,,,
PretaxIncome,"4,610,507,000","4,536,067,000","1,880,190,000","1,435,516,000","1,013,316,000","2,979,839,000","2,192,917,000","2,136,153,000","2,153,480,000","1,828,584,000","954,677,000","220,409,000","115,898,000","242,912,666.88","-132,537,007.5","551,002,000","444,085,000","162,564,903.65","85,245,945.24","59,216,327.7","9,047,489.6","16,897,067.7","165,160,940"
TaxProvision,"946,573,000","913,940,000","-664,911,000","201,009,000","262,889,000","908,694,000","646,498,000","630,539,000","704,592,000","547,356,000","-1,257,038,000","5,516,000","-64,254,000","166,823,854.08","168,416,320","130,338,000","108,037,000","42,250,429.48","19,472,549.82","-671,144.7","-6,319,593.49","-4,583,597.2","45,428,320"
NetIncomeCommonStockholders,"3,663,934,000","3,622,127,000","2,545,101,000","1,234,507,000","750,427,000","2,071,145,000","1,546,419,000","1,505,614,000","1,448,888,000","1,281,228,000","2,211,715,000","214,893,000","180,152,000","76,088,812.8","-300,953,327.5","122,841,000","90,035,000","120,314,474.17","65,773,395.42","59,887,472.4","15,367,083.09","21,480,664.9","119,732,620"
	NetIncome,"3,663,934,000","3,622,127,000","2,545,101,000","1,234,507,000","750,427,000","2,071,145,000","1,546,419,000","1,505,614,000","1,448,888,000","1,281,228,000","2,211,715,000","214,893,000","180,152,000","76,088,812.8","-300,953,327.5","399,200,000","265,935,000","120,314,474.17","65,773,395.42","59,887,472.4","15,367,083.09","21,480,664.9","119,732,620"
		NetIncomeIncludingNoncontrollingInterests,"3,663,934,000","3,622,127,000","2,545,101,000","1,234,507,000","750,427,000","2,071,145,000","1,546,419,000","1,505,614,000","1,448,888,000","1,281,228,000","2,211,715,000","214,893,000","180,152,000","76,088,812.8","-300,953,327.5","420,664,000","336,048,000","149,950,940.41","78,339,756.42","70,867,306.8","12,370,102.16","17,051,773.1","150,058,440"
			NetIncomeContinuousOperations,"3,663,934,000","3,622,127,000","2,545,101,000","1,234,507,000","750,427,000","2,071,145,000","1,546,419,000","1,505,614,000","1,448,888,000","1,281,228,000","2,211,715,000","214,893,000","180,152,000","76,088,812.8","-300,953,327.5","420,664,000","336,048,000","120,314,474.17","65,773,395.42","59,887,472.4","15,367,083.09","21,480,664.9","119,732,620"
		MinorityInterests,,,,,,,,,,,,,,,,"-21,464,000","-70,113,000","-29,636,466.24","-12,566,361","-10,979,834.4","2,996,980.93","4,428,891.8","-30,325,820"
	OtherunderPreferredStockDividend,,,,,,,,,,,,,,,,"276,359,000","175,900,000",,,,,,
DilutedNIAvailtoComStockholders,"3,663,934,000","3,622,127,000","2,545,101,000","1,234,507,000","750,427,000","2,071,145,000","1,546,419,000","1,505,614,000","1,448,888,000","1,281,228,000","2,211,715,000","214,893,000","180,152,000","76,088,812.8","-300,953,327.5","122,841,000","90,035,000","120,314,474.17","65,773,395.42","59,887,472.4","15,367,083.09","21,480,664.9","119,732,620"
BasicEPS,,"7.5","5.25","2.55","1.55","4.279","3.198","3.115","2.998","2.83","13.145","1.274","1.128","0","-0.65","2","2","1.702","0.956","0.9","0.25","0.297","1.812"
DilutedEPS,,"7.5","5.25","2.55","1.55","4.279","3.197","3.114","2.997","2.829","13.145","1.274","1.128","0","-0.65","2","2","1.702","0.956","0.9","0.25","0.297","1.812"
BasicAverageShares,,"484,096,200","484,034,400","484,003,200","484,047,400","484,047,400","483,570,000","483,367,400","483,367,400","452,732,400","495,147,000","168,656,295","468,765,400","466,073,200","464,881,000","162,195,800","131,982,400","71,295,600","68,594,000","67,443,720","66,879,800","66,879,800","66,066,667"
DilutedAverageShares,,"484,203,600","484,215,000","484,214,400","484,048,200","484,065,000","483,775,400","483,501,800","483,418,400","452,962,000","495,147,000","168,656,295","468,765,400","466,073,200","464,881,000","175,915,298","140,502,000","71,296,000","68,594,000","67,443,720","66,879,800","66,879,800","66,066,667"
TotalOperatingIncomeAsReported,"4,581,324,000","4,514,857,000","2,417,523,000","1,933,352,000","1,424,196,000","3,244,217,000","2,485,689,000","2,438,873,000","2,321,445,000","2,067,442,000","1,200,134,000","477,025,000","490,873,000","267,331,950.08","-135,057,622.5","553,262,000","448,677,000","141,497,392.31","116,899,015.68","118,718,298.3","14,520,830.83","41,617,551.5","213,972,220"
RentExpenseSupplemental,,"311,892,000","658,613,000","672,549,000","623,296,000","563,015,000","475,456,000","431,727,000","350,679,000",,"89,692,000",,,,,,,,,,,,
TotalExpenses,"12,864,149,000","12,907,995,000","14,605,501,000","14,338,553,000","14,275,946,000","15,145,575,000","17,046,583,000","17,521,644,000","16,480,044,000","15,018,535,000","13,257,316,000","12,628,910,000","12,516,593,000","12,173,284,198.4","10,226,725,757.5","2,437,383,000","2,122,789,000","773,335,196.46","774,363,943.56","672,698,318.7","702,297,730.97","666,609,378.5","292,867,680"
NetIncomeFromContinuingAndDiscontinuedOperation,"3,663,934,000","3,622,127,000","2,545,101,000","1,234,507,000","750,427,000","2,071,145,000","1,546,419,000","1,505,614,000","1,448,888,000","1,281,228,000","2,211,715,000","214,893,000","180,152,000","76,088,812.8","-300,953,327.5","399,200,000","265,935,000","120,314,474.17","65,773,395.42","59,887,472.4","15,367,083.09","21,480,664.9","119,732,620"
NormalizedIncome,"2,772,677,149.461","2,726,118,165.131","2,604,445,560","1,407,693,800","846,400,579","1,284,152,715","1,591,783,751.274","1,521,519,785.371","1,450,818,971.525","1,402,672,464.983","2,281,762,120","266,830,829.231","296,459,180","81,374,488.166","-347,834,207.5","402,820,293.008","313,282,970.231","121,753,678.28","105,712,119.829","72,942,049.62","22,268,523.756","28,818,018.22","151,614,605.135"
InterestIncome,"153,164,000","161,521,000","199,006,000","462,753,000","675,942,000","782,493,000","641,881,000","400,792,000","221,863,000","254,279,000","190,717,000","137,336,000","173,313,000",,,"158,546,000","133,613,000",,,,,,
InterestExpense,"961,542,000","991,198,000","421,749,000","560,485,000","726,417,000","796,432,000","705,814,000","497,965,000","264,757,000","319,810,000","330,042,000","340,681,000","445,564,000",,,"83,634,000","68,801,000",,,,,,
NetInterestIncome,"-1,048,532,000","-1,055,223,000","-405,722,000","-258,510,000","-198,632,000","-145,800,000","-194,335,000","-240,927,000","-127,553,000","-65,531,000","-139,325,000","-203,345,000","-272,251,000",,,"74,912,000","64,812,000",,,,,,
EBIT,"5,572,049,000","5,527,265,000","2,301,939,000","1,996,001,000","1,739,733,000","3,776,271,000","2,898,731,000","2,634,118,000","2,418,237,000","2,148,394,000","1,284,719,000","561,090,000","561,462,000","267,331,950.08","-135,057,622.5","634,636,000","512,886,000","310,265,411.46","116,899,015.68","118,715,976","14,520,830.83","41,617,551.5","213,972,220"
EBITDA,"10,775,425,000"
ReconciledCostOfRevenue,"7,437,798,000","3,044,610,000","4,418,659,000","4,559,532,000","4,626,851,000","5,608,907,000","7,579,551,000","8,554,187,000","7,840,313,000","6,540,370,000","5,009,065,000","4,466,841,000","4,958,651,000","4,657,034,170.88","3,511,137,792.5","1,377,572,000","1,293,070,000","429,913,411.36","486,381,887.46","406,026,287.4","263,252,699.01","357,509,788.2","85,298,920"
ReconciledDepreciation,"5,203,376,000","5,128,981,000","3,954,321,000","4,013,671,000","3,785,172,000","3,361,971,000","3,052,579,000","2,767,870,000","2,688,588,000","2,569,767,000","2,993,461,000","2,582,807,000","2,408,545,000","2,323,481,888","2,279,367,407.5","532,357,000","447,461,000","210,943,434.21","201,762,660.36","174,729,852","156,073,095.38","120,251,068.3","98,468,300"
NetIncomeFromContinuingOperationNetMinorityInterest,"3,663,934,000","3,622,127,000","2,545,101,000","1,234,507,000","750,427,000","2,071,145,000","1,546,419,000","1,505,614,000","1,448,888,000","1,281,228,000","2,211,715,000","214,893,000","180,152,000","76,088,812.8","-300,953,327.5","399,200,000","265,935,000","120,314,474.17","65,773,395.42","59,887,472.4","15,367,083.09","21,480,664.9","119,732,620"
TotalUnusualItemsExcludingGoodwill,"1,121,512,000","1,122,091,000","-89,916,000","-201,380,000","-129,519,000","1,132,363,000","-64,330,000","-22,567,000","-2,870,000","-173,327,000","-106,132,000","-53,271,000","-176,223,000","-8,008,599.04","78,134,800","-4,742,000","-62,570,000","-1,944,604.58","-51,762,787.86","-21,757,628.7","-11,502,401.11","-12,228,922.2","-43,978,480"
TotalUnusualItems,"1,121,512,000","1,122,091,000","-89,916,000","-201,380,000","-129,519,000","1,132,363,000","-64,330,000","-22,567,000","-2,870,000","-173,327,000","-106,132,000","-53,271,000","-176,223,000","-8,008,599.04","78,134,800","-4,742,000","-62,570,000","-1,944,604.58","-51,762,787.86","-21,757,628.7","-11,502,401.11","-12,228,922.2","-43,978,480"
NormalizedEBITDA,"9,653,913,000","9,534,155,000","6,346,176,000","6,211,052,000","5,654,424,000","6,005,879,000","6,015,640,000","5,424,555,000","5,109,695,000","4,891,488,000","4,384,312,000","3,197,168,000","3,146,230,000","2,598,822,437.12","2,066,174,985","1,171,735,000","1,022,917,000","547,250,390.09","370,424,463.9","315,203,456.7","182,096,327.32","174,097,542","356,419,000"
TaxRateForCalcs,"0.205","0.201","0.34","0.14","0.259","0.305","0.295","0.295","0.327","0.299","0.34","0.025","0.34","0.34","0.4","0.237","0.243","0.26","0.228","0.4","0.4","0.4","0.275"
TaxEffectOfUnusualItems,"230,255,149.461","226,082,165.131","-30,571,440","-28,193,200","-33,545,421","345,370,715","-18,965,248.726","-6,661,214.629","-939,028.475","-51,882,535.017","-36,084,880","-1,333,170.769","-59,915,820","-2,722,923.674","31,253,920","-1,121,706.992","-15,222,029.769","-505,400.47","-11,824,063.451","-8,703,051.48","-4,600,960.444","-4,891,568.88","-12,096,494.865"