name,ttm,03/31/2020,12/31/2019,09/30/2019,06/30/2019,03/31/2019,12/31/2018,09/30/2018,06/30/2018,03/31/2018,12/31/2017,09/30/2017,06/30/2017,03/31/2017,12/31/2016,09/30/2016,06/30/2016,03/31/2016,12/31/2015,09/30/2015,06/30/2015,03/31/2015,12/31/2014,09/30/2014,06/30/2014,03/31/2014,12/31/2013,09/30/2013,06/30/2013,03/31/2013,12/31/2012,09/30/2012,06/30/2012,03/31/2012,12/31/2011,09/30/2011,06/30/2011,03/31/2011,12/31/2010,09/30/2010,06/30/2010,03/31/2010,12/31/2009,09/30/2009,06/30/2009,03/31/2009,12/31/2008,09/30/2008,06/30/2008,03/31/2008,12/31/2007,09/30/2007,06/30/2007,03/31/2007,12/31/2006,09/30/2006,06/30/2006,03/31/2006,12/31/2005,09/30/2005,06/30/2005,03/31/2005,12/31/2004,09/30/2004,06/30/2004,03/31/2004,12/31/2003,09/30/2003,06/30/2003,03/31/2003,12/31/2002,09/30/2002,06/30/2002,03/31/2002,12/31/2001,09/30/2001,06/30/2001,03/31/2001,12/31/2000,09/30/2000,06/30/2000,03/31/2000
TotalRevenue,"29,905,000,000","8,171,000,000","7,068,000,000","7,158,000,000","7,510,000,000","7,213,000,000","7,061,552,300.403","7,354,154,990.574","7,587,375,088.954","8,076,051,847.812","7,319,652,188.196","7,300,206,232.109","7,650,930,858.022","7,506,021,808.442","6,894,250,211.028","7,226,683,776.959","7,461,315,477.892","7,183,934,844.105","6,751,042,046.052","7,318,680,187.368","8,413,313,612.662","8,586,516,203.704","6,837,373,461.566","7,206,316,829.809","7,897,718,985.268","8,069,498,940.152","7,024,462,798.742","6,909,119,021.061","7,772,700,346.958","8,090,076,817.847","7,354,679,064.776","6,818,036,932.362","6,790,663,364.772","7,186,769,609.092","-463,634,897.476","9,213,325,462.504","8,586,034,344.137","9,076,663,583.438","8,952,389,279.465","6,785,092,658.954","8,531,458,192.806","8,343,886,309.273","-11,892,392,324.144","9,143,925,693.607","5,668,385,196.096","4,836,446,549.154","22,571,000,000","5,291,000,000","7,433,000,000","8,054,000,000","4,764,000,000","5,570,000,000","13,180,000,000","11,187,000,000","10,800,000,000","8,619,000,000","10,113,000,000","9,852,000,000","9,192,000,000","10,398,000,000","9,307,000,000","10,839,000,000","11,841,000,000","8,136,000,000","7,481,000,000","8,125,000,000","8,230,000,000","6,411,000,000","6,713,000,000","5,819,000,000","6,700,000,000","5,481,000,000","6,451,000,000","5,743,000,000","4,779,000,000","5,478,000,000","5,689,000,000","5,858,000,000","6,896,000,000","4,870,000,000","5,507,000,000","5,697,000,000"
	OperatingRevenue,"29,905,000,000","8,171,000,000","7,068,000,000","7,158,000,000","7,510,000,000","7,213,000,000","7,061,552,300.403","7,354,154,990.574","7,587,375,088.954","8,076,051,847.812","7,319,652,188.196","7,300,206,232.109","7,650,930,858.022","7,506,021,808.442","6,894,250,211.028","7,226,683,776.959","7,461,315,477.892","7,183,934,844.105","6,751,042,046.052","7,318,680,187.368","8,413,313,612.662","8,586,516,203.704","6,837,373,461.566","7,206,316,829.809","7,897,718,985.268","8,069,498,940.152","7,024,462,798.742","6,909,119,021.061","7,772,700,346.958","8,090,076,817.847","7,354,679,064.776","6,818,036,932.362","6,790,663,364.772","7,186,769,609.092","-463,634,897.476","9,213,325,462.504","8,586,034,344.137","9,076,663,583.438","8,952,389,279.465","6,785,092,658.954","8,531,458,192.806","8,343,886,309.273","-11,892,392,324.144","9,143,925,693.607","5,668,385,196.096","4,836,446,549.154","22,571,000,000","5,291,000,000","7,433,000,000","8,054,000,000","4,764,000,000","5,570,000,000","13,180,000,000","11,187,000,000","10,800,000,000","8,619,000,000","10,113,000,000","9,852,000,000","9,192,000,000","10,398,000,000","9,307,000,000","10,839,000,000","11,841,000,000","8,136,000,000","7,481,000,000","8,125,000,000","8,230,000,000","6,411,000,000","6,713,000,000","5,819,000,000","6,700,000,000","5,481,000,000","6,451,000,000","5,743,000,000","4,779,000,000","5,478,000,000","5,689,000,000","5,858,000,000","6,896,000,000","4,870,000,000","5,507,000,000","5,697,000,000"
PretaxIncome,"6,039,000,000","2,008,000,000","928,000,000","1,345,000,000","1,759,000,000","1,546,000,000","569,896,418.199","1,699,699,393.692","1,682,853,735.053","2,069,088,468.476","877,742,303.073","1,252,783,107.436","1,571,836,704.794","1,689,104,774.47","732,219,626.627","907,604,421.079","1,519,821,989.956","1,013,397,991.856","236,736,675.974","811,242,085.757","1,899,014,326.276","2,798,445,767.196","408,563,656.038","-582,477,315.978","1,366,589,249.049","1,570,603,887.611","505,932,594.905","393,165,980.099","1,078,954,049.251","1,522,677,049.353","-1,666,987,499.55","-2,673,239,975.35","1,002,160,282.417","1,444,443,213.665","262,935,458.611","1,091,520,666.496","1,984,807,939.232","2,432,123,619.348","1,584,486,330.374","837,514,078.018","2,415,383,051.662","2,635,898,879.039","878,076,723.6","-572,255,729.795","-1,218,007,733.382","-1,366,307,112.163","-11,081,000,000","-548,000,000","-4,161,000,000","-11,983,000,000","-11,125,000,000","-801,000,000","4,981,000,000","3,475,000,000","3,300,000,000","2,164,000,000","3,287,000,000","3,201,000,000","1,969,000,000","2,673,000,000","2,201,000,000","2,815,000,000","2,832,000,000","1,722,000,000","1,988,000,000","2,370,000,000","2,054,000,000","1,558,000,000","1,648,000,000","1,126,000,000","-12,000,000","775,000,000","1,449,000,000","1,021,000,000","702,000,000","740,000,000","907,000,000","1,222,000,000","1,501,000,000","1,563,000,000","1,619,000,000","1,732,000,000"
TaxProvision,"1,270,000,000","410,000,000","200,000,000","294,000,000","366,000,000","407,000,000","173,864,370.51","426,962,857.288","394,904,330.918","479,256,680.23","3,249,186,420.146","279,080,266.357","342,204,129.472","374,801,355.282","106,986,513.81","50,709,939.148","383,783,121.708","279,772,451.739","-723,362,065.477","-1,333,196,067.329","478,262,277.738","692,377,645.503","-520,817,531.831","-1,384,697,879.32","352,306,259.607","382,221,620.89","-529,595,366.604","-245,176,538.151","132,224,760.938","481,953,067.452","96,980,114.959","-367,623,621.411","266,610,464.197","527,266,081.062","130,950,804.314","-43,438,067.34","452,401,809.607","463,572,555.634","-498,718,783.658","-844,681,068.905","287,369,597.96","565,639,510.342","-463,724,993.153","-47,285,886.61","-191,493,279.322","257,826,887.661","-1,894,000,000","-812,000,000","-3,754,000,000","-299,000,000","-274,000,000","-11,000,000","593,000,000","784,000,000","459,000,000","408,000,000","763,000,000","646,000,000","318,000,000","567,000,000","489,000,000","620,000,000","615,000,000","381,000,000","409,000,000","457,000,000","332,000,000","291,000,000","437,000,000","229,000,000","-110,000,000","137,000,000","215,000,000","212,000,000","88,000,000","183,000,000","306,000,000","315,000,000","349,000,000","360,000,000","362,000,000","400,000,000"
NetIncomeCommonStockholders,"4,758,000,000","1,595,000,000","722,000,000","1,049,000,000","1,392,000,000","1,141,000,000","395,146,074.285","1,269,679,523.106","1,286,947,108.879","1,587,734,384.832","-2,398,135,695.88","970,624,749.905","1,228,586,079.513","1,268,327,786.273","624,251,585.167","855,859,585.213","1,055,403,584.698","732,589,345.851","960,098,741.451","2,128,995,727.596","1,305,234,974.683","2,043,030,753.968","867,692,120.991","801,169,160.244","888,619,610.219","1,188,382,266.721","1,033,274,364.204","637,238,119.43","729,880,680.376","1,039,671,682.627","-1,773,048,626.232","-2,307,741,345.97","447,863,427.999","916,069,430.752","-153,905,306.112","1,134,958,733.836","1,533,606,134.425","1,966,374,666.739","2,048,851,423.511","1,703,696,119.586","1,852,656,089.741","2,065,569,157.169","1,159,658,047.936","-544,270,205.066","-1,290,738,353.894","-1,732,000,350.785","-9,119,000,000","263,000,000","-350,000,000","-11,563,000,000","-10,801,000,000","-714,000,000","4,601,000,000","2,695,000,000","2,980,000,000","1,759,000,000","2,572,000,000","2,833,000,000","4,851,000,000","2,140,000,000","1,674,000,000","2,195,000,000","2,217,000,000","1,341,000,000","1,579,000,000","1,913,000,000","1,722,000,000","1,267,000,000","1,211,000,000","897,000,000","98,000,000","638,000,000","1,450,000,000","809,000,000","614,000,000","557,000,000","601,000,000","907,000,000","1,152,000,000","1,203,000,000","1,257,000,000","1,332,000,000"
	NetIncome,"4,758,000,000","1,595,000,000","721,000,000","1,050,000,000","1,392,000,000","1,141,000,000","394,146,074.285","1,269,679,523.106","1,286,947,108.879","1,588,783,086.539","-2,399,162,295.065","970,624,749.905","1,228,586,079.513","1,267,328,315.993","624,251,585.167","856,894,481.931","1,055,403,584.698","733,625,540.116","960,098,741.451","2,130,025,222.628","1,306,314,573.504","2,043,030,753.968","900,053,598.697","801,169,160.244","1,013,160,994.985","1,188,382,266.721","1,033,274,364.204","637,238,119.43","945,671,490.226","1,039,671,682.627","-1,773,048,626.232","-2,307,741,345.97","447,863,427.999","916,069,430.752","-153,905,306.112","1,134,958,733.836","1,533,606,134.425","1,966,374,666.739","2,048,851,423.511","1,703,696,119.586","1,852,656,089.741","2,065,569,157.169","1,159,658,047.936","-544,270,205.066","-1,290,738,353.894","-1,732,000,350.785","-9,119,000,000","263,000,000","-350,000,000","-11,563,000,000","-10,801,000,000","-714,000,000","4,601,000,000","2,695,000,000","2,980,000,000","1,759,000,000","2,572,000,000","2,833,000,000","4,851,000,000","2,140,000,000","1,674,000,000","2,195,000,000","2,217,000,000","1,341,000,000","1,579,000,000","1,913,000,000","1,722,000,000","1,267,000,000","1,211,000,000","897,000,000","98,000,000","638,000,000","1,450,000,000","809,000,000","614,000,000","557,000,000","601,000,000","907,000,000","1,152,000,000","1,203,000,000","1,257,000,000","1,332,000,000"
		NetIncomeIncludingNoncontrollingInterests,"4,769,000,000","1,598,000,000","727,000,000","1,051,000,000","1,393,000,000","1,139,000,000","395,032,047.689","1,272,736,536.404","1,287,949,404.135","1,589,831,788.246","-2,371,444,117.073","972,676,810.687","1,229,632,575.322","1,314,303,419.188","625,233,112.817","857,929,378.648","1,136,038,868.248","733,625,540.116","961,110,436.648","2,144,438,153.086","1,420,752,048.539","2,106,068,121.693","929,381,187.868","802,220,563.342","1,014,282,989.442","1,188,382,266.721","1,035,527,961.509","638,342,518.25","946,729,288.313","1,040,723,981.9","-1,763,967,614.509","-2,305,616,353.939","735,549,818.22","917,177,132.603","130,870,857.699","1,134,958,733.836","1,533,606,134.425","1,968,551,063.714","2,083,297,011.872","1,682,195,146.923","2,128,013,453.702","2,071,197,411.003","1,317,668,106.035","-524,969,843.185","-1,020,069,968.698","-1,615,364,377.795","-8,988,000,000","385,000,000","-198,000,000","-11,455,000,000","-10,693,000,000","-613,000,000","4,723,000,000","2,828,000,000","2,982,000,000","1,843,000,000","2,656,000,000","2,833,000,000","4,968,000,000","2,252,000,000","1,788,000,000","2,369,000,000","2,361,000,000","1,434,000,000","1,666,000,000","1,982,000,000","1,814,000,000","1,328,000,000","1,279,000,000","950,000,000","153,000,000","684,000,000","1,519,000,000","880,000,000","672,000,000","611,000,000","644,000,000","946,000,000","1,181,000,000","1,207,000,000","1,263,000,000","1,348,000,000"
			NetIncomeContinuousOperations,"4,769,000,000","1,598,000,000","728,000,000","1,051,000,000","1,393,000,000","1,139,000,000","396,032,047.689","1,272,736,536.404","1,287,949,404.135","1,589,831,788.246","-2,371,444,117.073","973,702,841.078","1,229,632,575.322","1,314,303,419.188","625,233,112.817","856,894,481.931","1,136,038,868.248","733,625,540.116","960,098,741.451","2,144,438,153.086","1,420,752,048.539","2,106,068,121.693","929,381,187.868","802,220,563.342","1,014,282,989.442","1,188,382,266.721","1,035,527,961.509","638,342,518.25","946,729,288.313","1,040,723,981.9","-1,763,967,614.509","-2,305,616,353.939","735,549,818.22","917,177,132.603","131,984,654.297","1,134,958,733.836","1,532,406,129.625","1,968,551,063.714","2,083,205,114.033","1,682,195,146.923","2,128,013,453.702","2,070,259,368.698","1,341,801,716.753","-524,969,843.185","-1,026,514,454.06","-1,624,133,999.825","-9,187,000,000","264,000,000","-407,000,000","-11,684,000,000","-10,851,000,000","-790,000,000","4,388,000,000","2,691,000,000","2,841,000,000","1,756,000,000","2,524,000,000","2,555,000,000","1,651,000,000","2,106,000,000","1,712,000,000","2,195,000,000","2,217,000,000","1,341,000,000","1,579,000,000","1,913,000,000","1,722,000,000","1,267,000,000","1,211,000,000","897,000,000","98,000,000","638,000,000","1,234,000,000","809,000,000","614,000,000","557,000,000","601,000,000","907,000,000","1,152,000,000","1,203,000,000","1,257,000,000","1,332,000,000"
			NetIncomeDiscontinuousOperations,,,,,,,,,,,,,,,,,,,,,,,,,,,,,,,,,,,"0","0","1,200,004.8","0","91,897.839","0","0","1,876,084.611","-23,168,592.624","0","6,444,485.362","9,646,584.232","68,000,000","-1,000,000","57,000,000","121,000,000","50,000,000","76,000,000","213,000,000","4,000,000","139,000,000","3,000,000","48,000,000","278,000,000","3,200,000,000","34,000,000","-38,000,000",,,,,,,,,,,,,,,,,,,,,
			NetIncomeExtraordinary,,,,,,,,,,,,,,,,,,,,,,,,,,,,,,,,,,,,,,,,,,,,,,,,,,,,,,,,,,,,,,,,,,,,,,,,,"216,000,000",,,,,,,,,
			NetIncomeFromTaxLossCarryforward,,,,,,,,,,,,,,,,,,,,,,,,,,,,,,,,,,,,,,,,,,"-938,042.306",,,,"-876,962.203",,,,,,,,,,,,,,,,,,,,,,,,,,,,,,,,,,,,
		MinorityInterests,"-11,000,000","-3,000,000","-6,000,000","-1,000,000","-1,000,000","2,000,000","-885,973.404","-3,057,013.298","-1,002,295.256","-1,048,701.707","-27,718,177.992","-2,052,060.782","-1,046,495.809","-46,975,103.195","-981,527.65","-1,034,896.717","-80,635,283.55","0","-1,011,695.196","-14,412,930.458","-114,437,475.034","-63,037,367.725","-29,327,589.171","-1,051,403.097","-1,121,994.457","0","-2,253,597.305","-1,104,398.821","-1,057,798.088","-1,052,299.274","-9,081,011.723","-2,124,992.031","-287,686,390.221","-1,107,701.851",,,"0","-2,176,396.975","-35,469,444.201","21,500,972.663","-275,357,363.961","-5,628,253.834","-157,043,874.524","-20,265,379.976","-270,668,385.196","-116,635,972.99","-131,000,000","-122,000,000","-152,000,000","-108,000,000","-108,000,000","-101,000,000","-122,000,000","-133,000,000","-2,000,000","-84,000,000","-84,000,000",,"-117,000,000","-112,000,000","-114,000,000","-174,000,000","-144,000,000","-93,000,000","-87,000,000","-69,000,000","-92,000,000","-61,000,000","-68,000,000","-53,000,000","-55,000,000","-46,000,000","-69,000,000","-71,000,000","-58,000,000","-54,000,000","-43,000,000","-39,000,000","-29,000,000","-4,000,000","-6,000,000","-16,000,000"
	PreferredStockDividends,,,,,,,,,,,,,,,,,,,,,,,"31,350,181.528",,"124,541,384.766",,,,"215,790,809.85",,,,,,,,,,,,,,,,,,,,,,,,,,,,,,,,,,,,,,,,,,,,,,,,,,,,,
	OtherunderPreferredStockDividend,,,"-1,000,000","1,000,000",,,,,,"1,048,701.707","-1,026,599.185",,,"-999,470.281",,"1,034,896.717",,"1,036,194.266",,"1,029,495.033","1,079,598.821",,"1,011,296.178",,,,,,,,,,,,,,,,,,,,,,,,,,,,,,,,,,,,,,,,,,,,,,,,,,,,,,,,,,,
AverageDilutionEarnings,"0","0","0","0","0","0","-980,995.567","0","-1,002,295.256","-1,048,701.707","0","0","0","0","0","0","-1,020,699.792","-1,036,194.266","0","0","0","0","0","0","-3,365,983.372","0","-3,380,395.957","0","0","-1,052,299.274","-1,095,398.232",,,,,,,,,,,,,,,,,,,,,,,,,,,,,,,,,,,,,,,,,,,,,,,,,,,
DilutedNIAvailtoComStockholders,"4,758,000,000","1,595,000,000","722,000,000","1,049,000,000","1,392,000,000","1,141,000,000","394,165,078.718","1,269,679,523.106","1,285,944,813.623","1,586,685,683.124","-2,398,135,695.88","970,624,749.905","1,228,586,079.513","1,268,327,786.273","624,251,585.167","855,859,585.213","1,054,382,884.906","731,553,151.585","960,098,741.451","2,128,995,727.596","1,305,234,974.683","2,043,030,753.968","867,692,120.991","801,169,160.244","885,253,626.847","1,188,382,266.721","1,029,893,968.247","637,238,119.43","729,880,680.376","1,038,619,383.353","-1,774,144,024.464","-2,307,741,345.97","447,863,427.999","916,069,430.752","-153,905,306.112","1,134,958,733.836","1,533,606,134.425","1,966,374,666.739","2,048,851,423.511","1,703,696,119.586","1,852,656,089.741","2,065,569,157.169","1,159,658,047.936","-544,270,205.066","-1,290,738,353.894","-1,732,000,350.785","-9,119,000,000","263,000,000","-350,000,000","-11,563,000,000","-10,801,000,000","-714,000,000","4,601,000,000","2,695,000,000","2,980,000,000","1,759,000,000","2,572,000,000","2,833,000,000","4,851,000,000","2,140,000,000","1,674,000,000","2,195,000,000","2,217,000,000","1,341,000,000","1,579,000,000","1,913,000,000","1,722,000,000","1,267,000,000","1,211,000,000","897,000,000","98,000,000","638,000,000","1,450,000,000","809,000,000","614,000,000","557,000,000","601,000,000","907,000,000","1,152,000,000","1,203,000,000","1,257,000,000","1,332,000,000"
BasicEPS,,"0.44","0.2","0.289","0.38","0.31","0.19","0.336","0.341","0.43","-0.616","0.257","0.335","0.34","0.196","0.228","0.286","0.197","0.253","0.577","0.356","0.558","0.273","0.21","0.236","0.316","0.27","0.166","0.19","0.274","-0.548","-0.616","0.116","0.244",,"0.301","0.324","0.522",,"0.45","0.49","0.544",,"-0.145","-0.359","-0.5",,"0.089","-0.137","-5.652",,"-0.352","2.259","1.324",,"0.845","1.23","1.296",,"1.011","0.779","1.035",,"0.611","0.704","0.846",,"0.548","0.506","0.369",,"0.255","0.563","0.311",,"0.212","0.061","0.339",,"0.472","0.509","0.539"
DilutedEPS,,"0.43","0.19","0.28","0.37","0.3","0.18","0.326","0.331","0.409","-0.616","0.257","0.324","0.33","0.186","0.228","0.276","0.187","0.253","0.556","0.345","0.548","0.263","0.21","0.236","0.304","0.27","0.166","0.19","0.274","-0.548","-0.616","0.116","0.244",,"0.301","0.312","0.511",,"0.44","0.48","0.544",,"-0.145","-0.359","-0.5",,"0.08","-0.137","-5.662",,"-0.36","2.197","1.269",,"0.815","1.175","1.238",,"0.971","0.746","0.987",,"0.592","0.678","0.819",,"0.53","0.499","0.359",,"0.245","0.546","0.311",,"0.212","0.061","0.301",,"0.468","0.504","0.534"
BasicAverageShares,,"3,591,853,051","3,620,301,872","3,631,180,407","3,694,660,679","3,694,398,974","3,712,860,295","3,729,382,991","3,750,246,679","3,728,701,542","3,719,192,967","3,717,418,510","3,715,138,875","3,712,946,691","3,690,000,000","3,708,461,667","3,718,850,408","3,741,452,190","3,752,415,299","3,708,517,262","3,658,358,904","3,642,212,051","3,609,583,799","3,753,126,358","3,752,038,863","3,766,005,832","3,767,988,346","3,768,248,432","3,761,280,365","3,754,790,008","3,748,149,482","3,746,938,472","3,766,724,109","3,754,637,548",,"3,759,881,515","3,797,742,649","3,791,963,103",,"3,794,209,156","3,792,345,213","3,777,504,682",,"3,792,925,123","3,556,478,294","3,473,276,243",,"3,105,620,481","2,591,865,211","2,063,871,434",,"2,013,651,349","2,036,270,598","2,033,184,183",,"2,076,087,813","2,090,437,466","2,073,532,599",,"2,115,124,267","2,146,319,076","2,123,538,632",,"2,188,895,286","2,239,720,496","2,260,816,492",,"2,316,771,809","2,387,669,214","2,424,226,832",,"2,520,017,101","2,576,470,790","2,603,132,162",,"2,634,803,920","2,731,123,223","2,679,598,563",,"2,541,346,721","2,469,448,065","2,471,168,786"
DilutedAverageShares,,"3,706,765,037","3,731,922,960","3,746,428,571","3,790,478,017","3,801,144,941","3,820,546,150","3,836,993,420","3,850,003,705","3,857,223,030","3,719,192,980","3,837,942,641","3,826,127,733","3,836,657,383","3,884,210,526","3,811,859,140","3,816,616,097","3,839,903,347","3,852,111,183","3,801,553,586","3,748,080,023","3,723,311,808","3,700,020,900","3,835,835,655","3,834,661,523","3,851,660,403","3,851,588,646","3,850,804,897","3,836,208,728","3,840,497,874","3,748,408,225","3,747,324,455","3,827,598,700","3,819,217,096",,"3,815,404,173","3,869,409,938","3,849,457,796",,"3,846,819,196","3,845,077,660","3,805,908,527",,"3,793,412,572","3,557,195,152","3,473,276,243",,"3,276,523,646","2,591,865,211","2,066,045,015",,"2,015,265,504","2,092,768,130","2,114,103,734",,"2,155,666,138","2,177,819,585","2,172,079,813",,"2,197,372,265","2,233,368,004","2,224,579,090",,"2,250,958,380","2,309,343,048","2,331,515,151",,"2,381,086,968","2,428,485,305","2,458,527,786",,"2,543,718,244","2,610,256,697","2,603,132,162",,"2,634,803,920","2,731,123,223","2,736,843,630",,"2,570,455,113","2,469,448,065","2,493,870,592"
RentExpenseSupplemental,"731,000,000","198,000,000","196,000,000","170,000,000","168,000,000","185,000,000","192,390,992.001","157,945,687.064","148,339,697.908","157,305,256.093","152,963,278.547","135,436,011.615","141,276,934.186","143,923,720.428","129,561,649.752","116,943,329.056","127,587,473.972","145,067,197.198","135,567,156.327","132,804,859.217","105,800,684.466","153,976,521.164","151,694,426.747","124,065,565.497","106,589,473.448","131,917,196.59","131,835,442.325","124,797,066.717","120,588,981.975","121,014,416.5","134,733,982.539",,"126,455,556.141",,,,,"122,966,429.077",,,,,,,,,,,,,,,,,,,,,,,,,,,,,,,,,,,,,,,,,,,,
NetIncomeFromContinuingAndDiscontinuedOperation,"4,758,000,000","1,595,000,000","721,000,000","1,050,000,000","1,392,000,000","1,141,000,000","394,146,074.285","1,269,679,523.106","1,286,947,108.879","1,588,783,086.539","-2,399,162,295.065","970,624,749.905","1,228,586,079.513","1,267,328,315.993","624,251,585.167","856,894,481.931","1,055,403,584.698","733,625,540.116","960,098,741.451","2,130,025,222.628","1,306,314,573.504","2,043,030,753.968","900,053,598.697","801,169,160.244","1,013,160,994.985","1,188,382,266.721","1,033,274,364.204","637,238,119.43","945,671,490.226","1,039,671,682.627","-1,773,048,626.232","-2,307,741,345.97","447,863,427.999","916,069,430.752","-153,905,306.112","1,134,958,733.836","1,533,606,134.425","1,966,374,666.739","2,048,851,423.511","1,703,696,119.586","1,852,656,089.741","2,066,507,199.475","1,160,623,066.03","-544,270,205.066","-1,290,738,353.894","-1,731,123,388.582","-9,119,000,000","263,000,000","-350,000,000","-11,563,000,000","-10,801,000,000","-714,000,000","4,601,000,000","2,695,000,000","2,980,000,000","1,759,000,000","2,572,000,000","2,833,000,000","4,851,000,000","2,140,000,000","1,674,000,000","2,195,000,000","2,217,000,000","1,341,000,000","1,579,000,000","1,913,000,000","1,722,000,000","1,267,000,000","1,211,000,000","897,000,000","98,000,000","638,000,000","1,234,000,000","809,000,000","614,000,000","557,000,000","601,000,000","907,000,000","1,152,000,000","1,203,000,000","1,257,000,000","1,332,000,000"
NormalizedIncome,"4,915,940,056.301","1,587,837,649.402","819,060,344.828","1,131,266,914.498","1,376,161,455.372","1,126,265,200.517","960,922,925.214","1,217,793,381.334","1,378,998,287.257","1,575,084,586.589","-2,306,041,536.203","1,120,547,873.675","1,245,778,012.989","1,291,436,840.25","813,665,370.015","1,265,311,692.247","1,050,062,904.995","849,895,436.556","1,136,143,417.911","2,644,636,022.031","1,355,584,542.214","1,679,057,385.817","1,160,998,351.587","2,536,678,197.054","1,138,072,693.192","1,322,320,540.859","1,034,305,384.971","1,236,479,397.44","1,527,631,552.748","1,245,371,101.302","843,970,472.528","468,895,201.102","614,154,922.129","916,069,430.752","-153,905,306.112","1,134,958,733.836","1,532,406,129.625","2,060,618,498.425","2,839,687,581.302","1,703,696,119.586","1,852,656,089.741","2,064,631,114.863","1,184,989,242.612","-544,270,205.066","-915,440,502.599","-1,234,442,690.52","-9,082,536,323.437","290,535,000","-101,390,000","-11,684,000,000","-10,858,802,966.292","-794,931,335.83","4,388,000,000","2,691,000,000","2,841,000,000","1,757,622,920.518","2,524,000,000","2,555,000,000","1,651,000,000","2,106,000,000","1,712,000,000","2,195,000,000","2,217,000,000","1,341,000,000","1,579,000,000","1,913,000,000","1,722,000,000","1,267,000,000","1,211,000,000","897,000,000","98,000,000","638,000,000","1,234,000,000","809,000,000","614,000,000","557,000,000","601,000,000","905,515,548.282","1,122,835,443.038","1,203,000,000","1,246,906,732.551","1,331,230,946.882"
InterestIncome,"10,469,000,000","2,454,000,000","2,566,000,000","2,700,000,000","4,006,000,000","4,015,000,000","4,548,511,540.225","4,344,015,896.469","833,909,653.106","4,030,160,661.102","3,702,943,259.863","3,700,891,620.41","3,795,640,298.461","3,350,224,381.078","3,457,921,909.66","3,419,298,753.984","3,626,546,360.185","3,531,350,057.509","3,402,330,945.733","3,328,357,440.675","3,680,352,381.055","3,277,943,121.693","3,350,424,238.747","3,524,303,182.597","3,744,095,504.168","3,597,844,224.958","3,340,958,004.214","3,475,543,088.12","3,744,605,229.754","3,667,262,969.589","-8,897,894,571.438","8,268,343,993.71","4,633,542,336.266","4,574,808,644.505","3,690,009,787.64","4,869,518,728.49","5,856,023,424.094","4,981,772,675.336","5,568,739,980.678","4,730,213,985.871","4,494,423,551.371","4,500,726,982.787","-13,337,191,074.748","8,423,057,177.322","5,556,067,022.648","6,704,376,041.393","13,282,000,000","14,585,000,000","17,185,000,000","20,354,000,000","24,689,000,000","24,355,000,000","23,743,000,000","21,348,000,000","21,329,000,000","18,084,000,000","17,445,000,000","14,607,000,000","11,344,000,000","12,031,000,000","12,140,000,000","10,513,000,000","10,709,000,000","8,002,000,000","7,964,000,000","7,691,000,000","9,345,000,000","7,684,000,000","7,864,000,000","7,116,000,000","7,766,000,000","7,048,000,000","7,013,000,000","6,062,000,000","5,657,000,000","8,398,000,000","7,855,000,000","8,363,000,000","10,871,000,000","7,233,000,000","7,767,000,000","7,259,000,000"
InterestExpense,"5,761,000,000","1,125,000,000","1,305,000,000","1,611,000,000","2,980,000,000","2,891,000,000","3,007,112,039.537","2,641,259,489.479","153,351,174.189","2,202,273,585.301","1,985,442,823.558","1,913,546,679.253","2,312,755,737.413","1,655,122,784.924","1,728,470,191.005","1,583,391,977.481","2,436,410,402.972","1,757,385,474.629","1,622,759,095.14","1,426,880,115.303","2,070,670,538.828","1,586,268,187.831","1,462,334,273.839","1,553,973,778.007","2,350,578,388.143","1,826,545,798.945","1,600,054,086.335","1,763,724,916.342","2,466,785,140.052","2,106,703,146.375","-10,666,542,063.595","6,641,662,593.765","3,165,604,088.73","2,812,454,999.612","2,097,032,704.893","2,797,857,055.345","4,128,016,512.066","3,043,691,169.269","3,539,540,948.387","3,091,020,784.274","3,484,471,877.512","2,795,366,071.01","2,849,264,872.992","3,325,452,352.232","4,503,774,627.14","5,039,024,818.03","11,355,000,000","13,320,000,000","15,973,000,000","18,664,000,000","23,246,000,000","22,926,000,000","23,065,000,000","20,272,000,000","19,975,000,000","16,614,000,000","16,376,000,000","13,188,000,000","9,793,000,000","10,123,000,000","10,410,000,000","8,264,000,000","7,731,000,000","5,623,000,000","5,520,000,000","5,150,000,000","6,465,000,000","5,141,000,000","5,628,000,000","4,967,000,000","5,445,000,000","5,202,000,000","5,310,000,000","4,422,000,000","4,149,000,000","7,330,000,000","6,860,000,000","7,239,000,000","9,403,000,000","6,172,000,000","6,397,000,000","6,004,000,000"
NetInterestIncome,"4,708,000,000","1,330,000,000","1,262,000,000","1,090,000,000","1,026,000,000","1,123,000,000","1,542,399,500.688","1,701,737,402.558","987,260,827.295","1,827,887,075.8","1,716,473,837.12","1,788,370,971.548","1,482,884,561.047","1,695,101,596.154","1,729,451,718.655","1,836,941,673.221","1,188,094,557.629","1,773,964,582.88","1,779,571,850.593","1,900,447,830.339","1,608,602,243.406","1,691,674,933.862","1,887,078,668.73","1,970,329,404.59","1,393,517,116.025","1,772,425,923.42","1,742,030,716.531","1,712,922,570.599","1,277,820,089.701","1,558,455,224.666","1,768,647,492.157","1,626,681,399.945","1,467,938,247.537","1,762,353,644.893","1,592,977,082.747","2,071,661,673.145","1,728,006,912.028","1,938,081,506.067","2,029,199,032.291","1,639,193,201.597","1,009,951,673.859","1,705,360,911.777","-16,186,455,947.74","5,097,604,825.09","1,052,292,395.507","1,665,351,223.362","1,927,000,000","1,265,000,000","1,212,000,000","1,690,000,000","1,443,000,000","1,429,000,000","678,000,000","1,076,000,000","1,354,000,000","1,470,000,000","1,069,000,000","1,419,000,000","1,551,000,000","1,908,000,000","1,730,000,000","2,249,000,000","2,978,000,000","2,379,000,000","2,444,000,000","2,541,000,000","2,880,000,000","2,543,000,000","2,236,000,000","2,149,000,000","2,321,000,000","1,846,000,000","1,703,000,000","1,640,000,000","1,508,000,000","1,068,000,000","995,000,000","1,124,000,000","1,468,000,000","1,061,000,000","1,370,000,000","1,255,000,000"
ReconciledDepreciation,"1,859,000,000","472,000,000","495,000,000","448,000,000","444,000,000","443,000,000","368,762,979.569","334,887,409.823","287,323,518.91","302,026,091.698","297,150,162.632","267,988,009.929","291,346,930.874","275,853,797.487","227,171,480.443","287,981,380.921","265,343,214.965","275,627,674.676","273,066,662.457","240,179,678.454","268,448,157.611","257,316,468.254","218,343,322.369","203,755,649.165","241,145,656.867","246,921,932.08","288,506,362.212","254,823,275.399","229,738,116.398","239,924,234.452","224,844,016.953","240,286,001.557","205,217,540.927","200,494,035.026","207,367,140.442","258,617,641.178","243,639,235.616","233,962,674.792","403,858,964.419","196,103,080.905","262,456,840.139","244,829,041.79","303,849,000.309","1,492,588,164.402","272,512,653.987","221,871,437.341","486,000,000","211,000,000","645,000,000","332,000,000","361,000,000","355,000,000","319,000,000","319,000,000","368,000,000","272,000,000","296,000,000","312,000,000","357,000,000","357,000,000","337,000,000","392,000,000","665,000,000","505,000,000","443,000,000","417,000,000","569,000,000","445,000,000","420,000,000","427,000,000","1,484,000,000","447,000,000","517,000,000","435,000,000","418,000,000",,,"415,000,000","585,000,000","245,000,000","282,000,000","298,000,000"
NetIncomeFromContinuingOperationNetMinorityInterest,"4,758,000,000","1,595,000,000","721,000,000","1,050,000,000","1,392,000,000","1,141,000,000","394,146,074.285","1,269,679,523.106","1,286,947,108.879","1,588,783,086.539","-2,399,162,295.065","970,624,749.905","1,228,586,079.513","1,267,328,315.993","624,251,585.167","856,894,481.931","1,055,403,584.698","733,625,540.116","960,098,741.451","2,130,025,222.628","1,306,314,573.504","2,043,030,753.968","900,053,598.697","801,169,160.244","1,013,160,994.985","1,188,382,266.721","1,033,274,364.204","637,238,119.43","945,671,490.226","1,039,671,682.627","-1,773,048,626.232","-2,307,741,345.97","447,863,427.999","916,069,430.752","-153,905,306.112","1,134,958,733.836","1,532,406,129.625","1,966,374,666.739","2,048,759,525.672","1,703,696,119.586","1,852,656,089.741","2,064,631,114.863","1,183,791,658.654","-544,270,205.066","-1,297,182,839.256","-1,740,769,972.814","-9,187,000,000","264,000,000","-407,000,000","-11,684,000,000","-10,851,000,000","-790,000,000","4,388,000,000","2,691,000,000","2,841,000,000","1,756,000,000","2,524,000,000","2,555,000,000","1,651,000,000","2,106,000,000","1,712,000,000","2,195,000,000","2,217,000,000","1,341,000,000","1,579,000,000","1,913,000,000","1,722,000,000","1,267,000,000","1,211,000,000","897,000,000","98,000,000","638,000,000","1,234,000,000","809,000,000","614,000,000","557,000,000","601,000,000","907,000,000","1,152,000,000","1,203,000,000","1,257,000,000","1,332,000,000"
TotalUnusualItemsExcludingGoodwill,"-200,000,000","9,000,000","-125,000,000","-104,000,000","20,000,000","20,000,000","-815,600,906.914","69,292,301.422","-120,275,430.736","17,827,929.024","-123,191,902.186","-192,893,713.512","-21,976,411.984","-30,983,578.703","-221,825,248.817","-432,586,827.835","7,144,898.542","-160,610,111.184","-214,479,381.652","-626,962,474.906","-65,855,528.086","483,630,952.381","-285,185,522.284","-1,896,731,187.77","-168,299,168.602","-177,017,092.861","-1,126,798.652","-654,908,500.558","-663,239,400.863","-300,957,592.339","-2,860,130,162.579","-3,219,362,927.389","-226,566,204.753",,,,,"-116,437,238.152","-864,402,246.59","0","0","0","-1,308,834.927","0","-452,955,256.859","-553,363,150.048","-126,000,000","-29,000,000","-334,000,000",,"8,000,000","5,000,000",,,,"-2,000,000",,,,,,,,,,,,,,,,,,,,,,"2,000,000","38,000,000",,"13,000,000","1,000,000"
TotalUnusualItems,"-200,000,000","9,000,000","-125,000,000","-104,000,000","20,000,000","20,000,000","-815,600,906.914","69,292,301.422","-120,275,430.736","17,827,929.024","-123,191,902.186","-192,893,713.512","-21,976,411.984","-30,983,578.703","-221,825,248.817","-432,586,827.835","7,144,898.542","-160,610,111.184","-214,479,381.652","-626,962,474.906","-65,855,528.086","483,630,952.381","-285,185,522.284","-1,896,731,187.77","-168,299,168.602","-177,017,092.861","-1,126,798.652","-654,908,500.558","-663,239,400.863","-300,957,592.339","-2,860,130,162.579","-3,219,362,927.389","-226,566,204.753",,,,,"-116,437,238.152","-864,402,246.59","0","0","0","-1,308,834.927","0","-452,955,256.859","-553,363,150.048","-126,000,000","-29,000,000","-334,000,000",,"8,000,000","5,000,000",,,,"-2,000,000",,,,,,,,,,,,,,,,,,,,,,"2,000,000","38,000,000",,"13,000,000","1,000,000"
TaxRateForCalcs,"0.21","0.204","0.216","0.219","0.208","0.263","0.305","0.251","0.235","0.232","0.244","0.223","0.218","0.222","0.146","0.056","0.253","0.276","0.179","0.179","0.252","0.247","0.085","0.085","0.258","0.243","0.085","0.085","0.123","0.317","0.085","0.138","0.266","0.365","0.085","0.085","0.228","0.191","0.085","0.085","0.119","0.215","0.085","0.083","0.157","0.085","0.171","0.085","0.085","0.025","0.025","0.014","0.119","0.226","0.139","0.189","0.232","0.202","0.162","0.212","0.222","0.22","0.217","0.221","0.206","0.193","0.162","0.187","0.265","0.203","0.4","0.177","0.148","0.208","0.125","0.247","0.337","0.258","0.233","0.23","0.224","0.231"
TaxEffectOfUnusualItems,"-42,059,943.699","1,837,649.402","-26,939,655.172","-22,733,085.502","4,161,455.372","5,265,200.517","-248,824,055.985","17,406,159.65","-28,224,252.359","4,129,429.074","-30,071,143.324","-42,970,589.742","-4,784,478.508","-6,875,054.446","-32,411,463.969","-24,169,617.519","1,804,218.839","-44,340,214.744","-38,434,705.192","-112,351,675.503","-16,585,559.376","119,657,584.23","-24,240,769.394","-161,222,150.96","-43,387,470.395","-43,078,818.722","-95,777.885","-55,667,222.547","-81,279,338.341","-95,258,173.664","-243,111,063.819","-442,726,380.317","-60,274,710.623","0","0","0","0","-22,193,406.467","-73,474,190.96","0","0","0","-111,250.969","0","-71,212,920.202","-47,035,867.754","-21,536,323.437","-2,465,000","-28,390,000","0","197,033.708","68,664.17","0","0","0","-377,079.482","0","0","0","0","0","0","0","0","0","0","0","0","0","0","0","0","0","0","0","0","0","515,548.282","8,835,443.038","0","2,906,732.551","230,946.882"