name,ttm,12/31/2019,12/31/2018,12/31/2017,12/31/2016,12/31/2015,12/31/2014,12/31/2013,12/31/2012,12/31/2011,12/31/2010,12/31/2009,12/31/2008,12/31/2007,12/31/2006,12/31/2005,12/31/2004,12/31/2003,12/31/2002,12/31/2001,12/31/2000,12/31/1999,12/31/1998,12/31/1997,12/31/1996,12/31/1995,12/31/1994,12/31/1993,12/31/1992,12/31/1991,12/31/1990,12/31/1989,12/31/1988,12/31/1987
TotalRevenue,"1,233,965,000","1,240,442,000","1,189,249,000","1,055,765,000","982,991,000","904,170,000","830,549,000","787,778,000","771,666,000","740,810,000","747,504,000","675,753,000","477,739,000","714,069,000","727,900,000","738,226,000","687,868,000","646,002,000","591,300,000","529,577,000","455,337,000","396,143,000","319,600,000","227,900,000","141,300,000","109,300,000","96,100,000","72,400,000","45,800,000","27,000,000","22,400,000","20,900,000",,
	NetInterestIncome,"944,377,000","955,127,000","906,681,000","796,287,000","718,513,000","664,625,000","628,441,000","596,728,000","578,908,000","563,768,000","534,810,000","494,638,000","505,791,000","508,192,000","508,550,000","517,341,000","468,161,000","413,519,000","405,728,000","367,479,000","326,516,000","303,513,000","245,400,000","191,900,000","115,800,000","87,300,000","83,700,000","63,900,000","39,800,000","23,000,000","19,100,000","18,400,000",,
		InterestIncome,"1,142,863,000","1,154,583,000","1,055,167,000","913,605,000","821,913,000","760,040,000","718,941,000","687,640,000","693,502,000","699,723,000","706,186,000","745,342,000","869,273,000","995,595,000","1,014,738,000","871,847,000","732,108,000","658,718,000","692,034,000","757,235,000","738,911,000","645,792,000","622,500,000","445,800,000","265,500,000","218,800,000","173,300,000","134,300,000","88,500,000","68,200,000","66,200,000","67,100,000",,
			InterestIncomeFromLoansAndLease,"912,870,000","925,420,000","843,077,000","709,600,000","622,477,000","554,031,000","512,469,000","493,053,000","488,091,000","488,118,000","491,753,000","538,712,000","712,218,000","859,271,000","860,611,000","701,986,000","553,990,000","476,086,000","464,400,000","519,920,000","518,315,000","435,326,000","382,900,000","299,100,000","196,100,000","154,500,000","125,800,000","104,900,000","65,300,000","50,500,000","52,000,000","54,600,000",,
				InterestIncomeFromLoans,"912,870,000","925,420,000","843,077,000","709,600,000","622,477,000","554,031,000","512,469,000","493,053,000","488,091,000","488,118,000","491,753,000","538,712,000","712,218,000","859,271,000","860,611,000","701,986,000","553,990,000","476,086,000","464,400,000","519,920,000","518,315,000","435,326,000","382,900,000","299,100,000","196,100,000","154,500,000","125,800,000","104,900,000","65,300,000","50,500,000","52,000,000","54,600,000",,
			InterestIncomeFromSecurities,"229,993,000","229,163,000","212,090,000","204,005,000","199,436,000","206,009,000","206,472,000","194,587,000","205,411,000","211,605,000","214,433,000","206,630,000","157,055,000","136,324,000","154,127,000","169,861,000","178,118,000","182,632,000","227,634,000","237,315,000","220,596,000","210,466,000","239,500,000","146,800,000","69,400,000","64,300,000","47,500,000","29,400,000","21,400,000","13,900,000","13,200,000","11,300,000",,
			OtherInterestIncome,,,,,,,,,,,,,,,,,,,,,,,"100,000","-100,000",,,,,"1,800,000","3,800,000","1,000,000","1,200,000",,
		InterestExpense,"198,486,000","199,456,000","148,486,000","117,318,000","103,400,000","95,415,000","90,500,000","90,912,000","114,594,000","135,955,000","171,376,000","250,704,000","363,482,000","487,403,000","506,188,000","354,506,000","263,947,000","245,199,000","286,306,000","389,756,000","412,395,000","342,279,000","377,100,000","253,900,000","149,700,000","131,500,000","89,600,000","70,400,000","48,700,000","45,200,000","47,100,000","48,700,000",,
			InterestExpenseForDeposit,"126,400,000","129,577,000","90,407,000","62,253,000","49,858,000","46,031,000","44,162,000","46,582,000","59,586,000","80,808,000","112,629,000","180,804,000","250,182,000","361,307,000","310,199,000","188,437,000","120,606,000","111,311,000","146,162,000","216,335,000","224,294,000","203,805,000","221,300,000","168,600,000","114,400,000","98,100,000","68,200,000","58,600,000","42,800,000","39,100,000","38,500,000","36,600,000",,
			InterestExpenseForShortTermDebt,,,,,,,,,,,,,,,,,,,"140,144,000","173,421,000","188,101,000","138,474,000","155,700,000","85,300,000",,,,"11,800,000","5,900,000","6,100,000",,,,
			InterestExpenseForLongTermDebtAndCapitalSecurities,"56,885,000","51,926,000","44,588,000","40,700,000","39,014,000","32,523,000","26,950,000","23,530,000","33,974,000","38,975,000","42,847,000","69,900,000","113,300,000","126,096,000","195,989,000","166,069,000","143,341,000","133,888,000",,,,,,,"35,400,000","33,400,000","21,300,000",,,,"8,500,000","12,100,000",,
			InterestExpenseForFederalFundsSoldAndSecuritiesPurchaseUnderAgreementsToResell,,"17,953,000","13,491,000","14,365,000","14,528,000","16,861,000","19,388,000","20,800,000","21,034,000","16,172,000","15,900,000",,,,,,,,,,,,,,,,,,,,,,,
			OtherInterestExpense,,,,,,,,,,,,"361,608,000","500,364,000",,,,,,,,,,"100,000",,"100,000",,"100,000",,,,"100,000",,,
	NonInterestIncome,"289,588,000","285,315,000","282,568,000","259,478,000","264,478,000","239,545,000","202,108,000","191,050,000","192,758,000","177,042,000","212,694,000","181,115,000","-28,052,000","205,877,000","219,350,000","220,885,000","219,707,000","232,483,000","185,572,000","162,098,000","128,821,000","92,630,000","74,200,000","36,000,000","25,500,000","22,000,000","12,400,000","8,500,000","6,000,000","4,000,000","3,300,000","2,500,000",,
		TotalPremiumsEarned,"14,608,000","14,612,000","14,614,000","14,627,000","14,759,000","13,020,000","13,178,000","13,770,000","11,254,000","10,360,000","10,517,000","10,629,000","10,441,000",,,,,,,,,,,,,,,,,,,,,
		FeesAndCommissions,"239,343,000","238,396,000","231,475,000","218,577,000","210,863,000","202,453,000","165,659,000","171,958,000","167,228,000","149,453,000","159,819,000","168,311,000","177,339,000","174,639,000","158,337,000","142,350,000","106,317,000","114,743,000","80,141,000","127,945,000","93,893,000","66,936,000","43,200,000","27,700,000","18,100,000","14,100,000","11,200,000","6,800,000","4,600,000","3,200,000","2,300,000","1,800,000",,
			FeesandCommissionIncome,"239,836,000","238,396,000","231,475,000","218,577,000","210,863,000","202,453,000","165,659,000","171,958,000","167,228,000","149,453,000","159,819,000","168,311,000","177,339,000","174,639,000","158,337,000","142,350,000","106,317,000","114,743,000","80,141,000","127,945,000","93,893,000","66,936,000","43,200,000","27,700,000","18,100,000","14,100,000","11,200,000","6,800,000","4,600,000","3,200,000","2,300,000","1,800,000",,
				ServiceChargeOnDepositorAccounts,"239,836,000","238,396,000","231,475,000","218,577,000","210,863,000","202,453,000","165,659,000","171,958,000","167,228,000","102,795,000","108,977,000","119,421,000","120,132,000","114,645,000","96,765,000","85,967,000","77,743,000","70,018,000","61,610,000",,,,,,,,,,,,,,,
				TrustFeesbyCommissions,,,,,,,,,,"26,421,000","24,925,000","24,000,000",,"29,164,000","27,183,000","23,151,000",,"18,341,000",,,,,,,,,,,,,,,,
				OtherCustomerServices,,,,,,,,,,"20,237,000","25,917,000","24,890,000","57,207,000","30,830,000","34,389,000","33,232,000","28,574,000","26,384,000","18,531,000",,,,,,,,,,,,,,,
			FeesandCommissionExpense,,"2,952,000","3,251,000","3,094,000","3,006,000","3,173,000","3,507,000","6,216,000","8,056,000",,,,,,,,,,,,,,,,,,,,,,,,,
		InvestmentBankingProfit,,,,,,,,,,"4,905,000","4,169,000","6,901,000","1,230,000",,,,,,,,,,,,,,,,,,,,,
		GainLossonSaleofAssets,,"29,000","0","-126,000","265,000","499,000","4,354,000","-6,565,000","3,347,000","2,024,000","21,793,000","-13,810,000","-225,371,000","3,851,000","4,118,000","15,206,000","27,618,000","38,094,000","29,185,000","13,392,000","17,260,000","8,682,000","18,700,000","3,200,000","3,800,000","1,200,000","-1,100,000","900,000","1,000,000","500,000","800,000","400,000",,
			GainOnSaleOfSecurity,,"29,000","0","-126,000","265,000","499,000","4,354,000","-6,565,000","3,347,000","2,024,000","21,793,000","-13,810,000","-4,034,000","3,851,000","1,289,000","3,633,000","14,313,000","18,574,000","23,377,000","10,621,000","8,445,000","4,248,000","15,400,000","3,200,000","3,800,000","1,200,000","-1,100,000","200,000","1,000,000","500,000",,"400,000",,
			GainonSaleofInvestmentProperty,,,,,,,,,,,"10,517,000","-2,234,000","-221,337,000",,"2,829,000","11,573,000","13,305,000","19,520,000","5,808,000","2,771,000","8,815,000","4,434,000","3,300,000",,,,,"700,000",,,"800,000",,,
		OtherNonInterestIncome,"35,600,000","32,278,000","36,479,000","26,400,000","38,591,000","23,573,000","18,917,000","11,887,000","10,929,000","10,300,000","16,396,000","9,084,000","8,309,000","27,387,000","56,895,000","63,329,000","85,772,000","79,646,000","76,246,000","20,761,000","17,668,000","17,012,000","12,300,000","5,100,000","3,600,000","6,700,000","2,300,000","800,000","400,000","300,000","200,000","300,000",,
CreditLossesProvision,"-105,200,000","-37,800,000","-42,000,000","-40,900,000","-56,350,000","-49,300,000","-37,250,000","-33,500,000","-21,500,000","-22,500,000","-115,000,000","-303,000,000","-186,300,000","-67,750,000","-11,000,000","-9,500,000","-18,000,000","-25,000,000","-29,000,000","-14,400,000","-11,800,000","-9,000,000","-6,800,000","-15,800,000","-4,000,000","-3,100,000","-2,900,000","-4,000,000","-3,000,000","-2,000,000","-9,600,000","-2,400,000",,
NonInterestExpense,"718,607,000","715,950,000","705,616,000","661,075,000","623,191,000","554,554,000","502,138,000","498,059,000","501,804,000","520,499,000","516,498,000","507,394,000","477,657,000","459,422,000","474,948,000","455,570,000","447,137,000","377,982,000","328,323,000","308,932,000","267,130,000","244,461,000","197,800,000","158,500,000","97,200,000","79,600,000","73,100,000","46,500,000","31,600,000","19,600,000","13,900,000","12,700,000",,
	OccupancyAndEquipment,"164,393,000","162,464,000","157,340,000","149,954,000","140,176,000","128,862,000","109,318,000","109,120,000","112,341,000","114,587,000","118,489,000","116,448,000","123,141,000","109,149,000","105,419,000","93,520,000","73,446,000","61,841,000","55,773,000","53,521,000","51,076,000","43,194,000","33,700,000","24,900,000","18,400,000","6,400,000","11,100,000","7,800,000","4,600,000","2,700,000","2,600,000","2,400,000",,
		NetOccupancyExpense,"56,970,000","57,181,000","59,463,000","60,490,000","60,294,000","48,836,000","47,325,000","48,794,000","50,131,000","53,866,000","55,634,000","55,522,000","61,986,000",,,,,,,,,,,,,,,,,,,,,
		Equipment,"107,423,000","105,283,000","97,877,000","89,464,000","79,882,000","80,026,000","61,993,000","60,326,000","62,210,000","60,721,000","62,855,000","60,926,000","61,155,000",,,,,,,,,,,,,,,,,,,,,
	ProfessionalExpenseAndContractServicesExpense,"20,995,000","21,380,000","20,300,000","16,858,000","14,801,000","11,156,000","8,296,000","9,532,000","11,348,000","11,203,000","14,721,000",,"15,758,000",,,,,,,,,,,,,,,,,,,,,
	SellingGeneralAndAdministration,"434,213,000","429,642,000","433,083,000","402,996,000","377,435,000","337,612,000","308,200,000","301,451,000","303,677,000","302,030,000","289,529,000","293,854,000","290,271,000","258,783,000","271,257,000","255,736,000","233,200,000","217,889,000","181,564,000","151,627,000","131,375,000","116,077,000","83,500,000","63,400,000","48,900,000","43,600,000","32,000,000","18,900,000","11,400,000","7,300,000","6,700,000","6,500,000",,
		GeneralAndAdministrativeExpense,"417,753,000","413,356,000","416,245,000","385,575,000","357,732,000","321,559,000","292,821,000","285,949,000","286,850,000","283,574,000","270,561,000","279,385,000","276,315,000","244,570,000","255,780,000","241,469,000","219,820,000","206,381,000","171,042,000","142,899,000","122,257,000","106,493,000","76,900,000","57,700,000","44,500,000","37,600,000","32,000,000","18,900,000","11,400,000","7,300,000","6,700,000","6,500,000",,
			SalariesAndWages,"399,504,000","395,402,000","381,496,000","359,926,000","331,726,000","297,517,000","270,151,000","264,835,000","264,101,000","262,647,000","246,026,000","237,074,000","239,701,000","244,570,000","255,780,000","241,469,000","219,820,000","206,381,000","171,042,000","142,899,000","122,257,000","106,493,000","76,900,000","57,700,000","44,500,000","37,600,000","32,000,000","18,900,000","11,400,000","7,300,000","6,700,000","6,500,000",,
			InsuranceAndClaims,"18,249,000","17,954,000","34,749,000","25,649,000","26,006,000","24,042,000","22,670,000","21,114,000","22,749,000","20,927,000","24,535,000","30,056,000","4,698,000",,,,,,,,,,,,,,,,,,,,,
			OtherGandA,,,,,,"1,099,000","964,000","4,284,000","1,505,000","350,000",,"12,255,000","31,916,000",,,,,,,,,,,,,,,,,,,,,
		SellingAndMarketingExpense,"16,460,000","16,286,000","16,838,000","17,421,000","19,703,000","16,053,000","15,379,000","15,502,000","16,827,000","18,456,000","18,968,000","14,469,000","13,956,000","14,213,000","15,477,000","14,267,000","13,380,000","11,508,000","10,522,000","8,728,000","9,118,000","9,584,000","6,600,000","5,700,000","4,400,000","6,000,000",,,,,,,,
	DepreciationAmortizationDepletionIncomeStatement,"3,847,000","3,847,000","3,847,000","4,062,000","5,652,000","6,340,000","2,685,000","4,919,000","5,420,000","5,588,000","5,588,000","5,743,000","5,939,000",,,,,,,,,,,,,,,,,,,,,
		DepreciationAndAmortizationInIncomeStatement,"3,847,000","3,847,000","3,847,000","4,062,000","5,652,000","6,340,000","2,685,000","4,919,000","5,420,000","5,588,000","5,588,000","5,743,000","5,939,000",,,,,,,,,,,,,,,,,,,,,
			Amortization,"3,847,000","3,847,000","3,847,000","4,062,000","5,652,000","6,340,000","2,685,000","4,919,000","5,420,000","5,588,000","5,588,000","5,743,000","5,939,000",,,,,,,,,,,,,,,,,,,,,
				AmortizationOfIntangiblesIncomeStatement,"3,847,000","3,847,000","3,847,000","4,062,000","5,652,000","6,340,000","2,685,000","4,919,000","5,420,000","5,588,000","5,588,000","5,743,000","5,939,000",,,,,,,,,,,,,,,,,,,,,
	OtherNonInterestExpense,"95,159,000","98,617,000","91,046,000","87,205,000","85,127,000","70,584,000","73,639,000","73,037,000","69,018,000","87,091,000","88,171,000","91,349,000","58,306,000","91,490,000","98,272,000","106,314,000","140,491,000","98,252,000","90,986,000","103,784,000","84,679,000","85,190,000","80,600,000","70,200,000","29,900,000","29,600,000","30,000,000","19,800,000","15,600,000","9,600,000","4,600,000","3,800,000",,
IncomefromAssociatesandOtherParticipatingInterests,,,,,,,,,,,,,"-4,034,000",,,,,,,,,,,,,,,,,,,,,
SpecialIncomeCharges,,,,,,"-141,000","-540,000","0","0","9,523,000","-28,314,000","5,993,000","-198,379,000","-28,113,000","-48,879,000",,,,,,,,,,,,,,,,,,,
	RestructuringAndMergernAcquisition,,,,,,"141,000","540,000",,,,,,"0","15,608,000",,,,,,,,,,,,,,,,,,,,
	ImpairmentOfCapitalAssets,,,,,,,,,,"0","5,838,000","0","198,379,000",,,,,,,,,,,,,,,,,,,,,
	WriteOff,,,,,,,,,"0",,"5,157,000","11,099,000",,,,,,,,,,,,,,,,,,,,,,
	LossonExtinguishmentofDebt,,,,,,,,,,,"0","-5,993,000",,,,,,,,,,,,,,,,,,,,,,
	OtherSpecialCharges,,,,,,,,,,"-9,523,000","22,476,000",,,"12,505,000",,,,,,,,,,,,,,,,,,,,
OtherNonOperatingIncomeExpenses,,,,,,,,,,,"5,838,000","-5,993,000",,,,,,,,,,,,,,,,,,,,,,
PretaxIncome,"410,158,000","486,692,000","441,633,000","353,790,000","303,450,000","300,316,000","291,161,000","256,219,000","248,362,000","207,334,000","87,692,000","-128,648,000","-384,597,000","158,784,000","193,073,000","273,156,000","222,731,000","243,020,000","233,977,000","206,245,000","176,407,000","142,682,000","115,000,000","53,500,000","40,100,000","26,500,000","20,200,000","21,900,000","11,100,000","5,500,000","-1,100,000","5,800,000",,
TaxProvision,"88,972,000","103,969,000","81,215,000","98,351,000","96,323,000","93,976,000","91,409,000","76,670,000","74,665,000","57,951,000","13,468,000","-52,736,000","-65,840,000","48,088,000","59,283,000","87,301,000","68,898,000","79,772,000","73,965,000","69,430,000","58,116,000","47,332,000","44,500,000","19,700,000","14,500,000","8,200,000","3,700,000","9,200,000","5,400,000","2,100,000","1,600,000","2,900,000",,
NetIncomeCommonStockholders,"311,457,000","372,985,000","351,703,000","246,831,000","198,423,000","196,969,000","188,522,000","168,129,000","171,237,000","148,093,000","49,399,000","-85,252,000","-333,917,000","96,773,000","133,790,000","185,855,000","153,833,000","163,248,000","152,732,000","133,188,000","118,291,000","95,350,000","70,500,000","33,800,000","24,500,000","17,000,000","14,800,000","14,300,000","5,100,000","3,400,000","-2,700,000","2,900,000","4,500,000","4,500,000"
	NetIncome,"321,186,000","382,723,000","360,418,000","255,439,000","207,127,000","206,340,000","199,752,000","179,549,000","173,697,000","151,379,000","74,315,000","-75,632,000","-321,830,000","96,773,000","133,790,000","185,855,000","153,833,000","163,248,000","152,732,000","133,188,000","118,291,000","95,350,000","70,500,000","33,800,000","25,600,000","18,300,000","16,500,000","17,000,000","5,700,000","3,400,000","-2,700,000","2,900,000","4,500,000","4,500,000"
		NetIncomeIncludingNoncontrollingInterests,"321,186,000","382,723,000","360,418,000","255,439,000","207,127,000","206,340,000","199,752,000","179,549,000","173,697,000","151,378,000","74,318,000","-75,610,000","-321,830,000","96,773,000","133,790,000","185,855,000","153,833,000","163,248,000","152,732,000","133,188,000","118,291,000","95,350,000","70,500,000","33,800,000","25,600,000","18,300,000","16,500,000","17,000,000","5,700,000","3,400,000","-2,700,000","2,900,000","4,500,000","4,500,000"
			NetIncomeContinuousOperations,"321,186,000","382,723,000","360,418,000","255,439,000","207,127,000","206,340,000","199,752,000","179,549,000","173,697,000","149,383,000","74,224,000","-75,912,000","-318,757,000","110,696,000","133,790,000","185,855,000","153,833,000","163,248,000","160,012,000","136,815,000","118,291,000","95,350,000","70,500,000","33,800,000","25,600,000","18,300,000","16,500,000","12,700,000","5,700,000","3,400,000","-2,700,000","2,900,000","4,500,000","4,500,000"
			NetIncomeDiscontinuousOperations,,,,,,,,"0","0","1,995,000","94,000","302,000","-3,073,000","-13,923,000",,,,,,,,,,,,,,,,,,,,
			NetIncomeExtraordinary,,,,,,,,,,,,,,,,,,,"-7,280,000","-3,627,000",,,,,,,,"4,300,000",,,,,,
		MinorityInterests,,,,,,,,"0","0","1,000","-3,000","-22,000",,,,,,,,,,,,,,,,,,,,,,
	PreferredStockDividends,"8,084,000","7,875,000","7,853,000","8,184,000","8,096,000","8,711,000","10,556,000","10,803,000","2,460,000","3,286,000","24,916,000","9,620,000","24,174,000",,,,,,,,,,,,"1,100,000","1,300,000","1,700,000","2,700,000","600,000",,,,,
DilutedNIAvailtoComStockholders,"311,457,000","372,985,000","351,703,000","246,831,000","198,423,000","196,969,000","188,522,000","168,129,000","171,237,000","148,093,000","49,399,000","-85,252,000","-333,917,000","96,773,000","133,790,000","185,855,000","153,833,000","163,248,000","152,732,000","133,188,000","118,291,000","95,350,000","70,500,000","33,800,000","24,500,000","17,000,000","14,800,000","14,300,000","5,100,000","3,400,000","-2,700,000","2,900,000","4,500,000","4,500,000"
BasicEPS,,"4.07","3.83","2.68","2.17","2.17","2.1","1.9","1.96","1.69","0.63","-1.4","-6.42","1.78","2.5","3.47","3.05","3.58","3.21","2.71","2.58","2.14","1.86","1.255","1.485","1.22","0.74","0.98","0.323","0.223","-0.164","0.168","0.255","0.25"
DilutedEPS,,"4.06","3.81","2.67","2.16","2.15","2.08","1.86","1.86","1.61","0.6","-2.14","-6.42","1.76","2.47","3.43","3","3.52","3.16","2.68","2.55","2.1","1.83","1.22","1.395","1.15","0.65","0.795","0.318","0.223","-0.164","0.168","0.255","0.25"
BasicAverageShares,,"91,642,506","91,828,460","92,101,119","91,439,171","91,073,272","90,093,333","88,813,684","87,365,816","87,628,994","78,175,000","60,943,000","52,020,000","54,469,000","53,435,000","53,577,000","50,506,000","45,542,000","47,584,000","49,146,863","45,849,225","44,556,075","37,903,226","26,932,271","23,899,982","13,934,426","10,964,000","7,200,000","7,068,000","6,986,000","6,984,000","7,758,000","8,190,000","8,190,000"
DilutedAverageShares,,"91,882,000","92,227,000","92,356,000","91,856,000","91,920,465","90,959,615","90,723,656","92,062,903","91,688,000","82,172,000","63,917,000","52,020,000","54,996,000","54,065,000","54,236,000","51,352,000","46,362,000","48,392,000","49,697,015","46,388,627","45,404,762","38,524,590","27,704,918","23,899,982","14,782,609","10,964,000","7,200,000","7,068,000","6,986,000","6,984,000","7,758,000","8,190,000","8,190,000"
InterestIncomeAfterProvisionForLoanLoss,"839,177,000","917,327,000","864,681,000","755,387,000","662,163,000","615,325,000","591,191,000","563,228,000","557,408,000","541,268,000","419,810,000","191,638,000","319,491,000","440,442,000","497,550,000","507,841,000","450,161,000","388,519,000","376,728,000","353,079,000","314,716,000","294,513,000","238,600,000","176,100,000","111,800,000","84,200,000","80,800,000","59,900,000","36,800,000","21,000,000","9,500,000","16,000,000",,
NetIncomeFromContinuingAndDiscontinuedOperation,"321,186,000","382,723,000","360,418,000","255,439,000","207,127,000","206,340,000","199,752,000","179,549,000","173,697,000","151,379,000","74,315,000","-75,632,000","-321,830,000","96,773,000","133,790,000","185,855,000","153,833,000","163,248,000","160,012,000","136,815,000","118,291,000","95,350,000","70,500,000","33,800,000","25,600,000","18,300,000","16,500,000","12,700,000","5,700,000","3,400,000","-2,700,000","2,900,000","4,500,000","4,500,000"
NormalizedIncome,"321,186,000","382,723,000","360,418,000","255,439,000","207,127,000","206,340,000","199,752,000","179,549,000","173,697,000","142,522,731.183","98,186,451.079","-79,829,450","29,106,901.726","130,294,930.925","165,700,362.92","177,980,745.307","144,643,672.672","150,135,495.021","156,040,029.695","134,976,825.184","112,380,037.482","92,386,893.932","68,476,956.522","33,800,000","25,600,000","18,300,000","16,500,000","12,280,000","5,700,000","3,400,000","-3,180,000","2,900,000","4,500,000","4,500,000"
ReconciledDepreciation,"3,847,000","37,507,000","38,750,000","37,172,000","36,449,000","34,678,000","30,585,000","97,414,000","108,539,000","83,154,000","89,475,000","65,875,000","56,945,000","61,804,000","56,053,000","53,694,000","52,769,000","53,522,000","44,414,000","51,024,000","48,148,000","38,058,000","32,800,000","17,400,000","16,100,000","6,100,000","10,600,000","6,200,000","1,200,000","1,000,000","1,200,000","1,000,000",,
NetIncomeFromContinuingOperationNetMinorityInterest,"321,186,000","382,723,000","360,418,000","255,439,000","207,127,000","206,340,000","199,752,000","179,549,000","173,697,000","149,384,000","74,221,000","-75,934,000","-318,757,000","110,696,000","133,790,000","185,855,000","153,833,000","163,248,000","160,012,000","136,815,000","118,291,000","95,350,000","70,500,000","33,800,000","25,600,000","18,300,000","16,500,000","12,700,000","5,700,000","3,400,000","-2,700,000","2,900,000","4,500,000","4,500,000"
TotalUnusualItemsExcludingGoodwill,,,,,,"-141,000","-540,000","0","0","9,523,000","-28,314,000","5,993,000","-419,716,000","-28,113,000","-46,050,000","11,573,000","13,305,000","19,520,000","5,808,000","2,771,000","8,815,000","4,434,000","3,300,000",,,,,"700,000",,,"800,000",,,
TotalUnusualItems,,,,,,"-141,000","-540,000","0","0","9,523,000","-28,314,000","5,993,000","-419,716,000","-28,113,000","-46,050,000","11,573,000","13,305,000","19,520,000","5,808,000","2,771,000","8,815,000","4,434,000","3,300,000",,,,,"700,000",,,"800,000",,,
TaxRateForCalcs,"0.217","0.214","0.184","0.278","0.317","0.313","0.314","0.299","0.301","0.28","0.154","0.35","0.171","0.303","0.307","0.32","0.309","0.328","0.316","0.337","0.329","0.332","0.387","0.368","0.362","0.309","0.183","0.4","0.4","0.382","0.4","0.4","0.4","0.4"
TaxEffectOfUnusualItems,"0","0","0","0","0","0","0","0","0","2,661,731.183","-4,348,548.921","2,097,550","-71,852,098.274","-8,514,069.075","-14,139,637.08","3,698,745.307","4,115,672.672","6,407,495.021","1,836,029.695","932,825.184","2,904,037.482","1,470,893.932","1,276,956.522","0","0","0","0","280,000","0","0","320,000","0","0","0"