name,ttm,12/31/2019,12/31/2018,12/31/2017,12/31/2016,12/31/2015,12/31/2014,12/31/2013,12/31/2012,12/31/2011,12/31/2010,12/31/2009,12/31/2008,12/31/2007,12/31/2006,12/31/2005,12/31/2004,12/31/2003,12/31/2002
TotalRevenue,"2,258,842,000","2,362,969,000","2,339,017,000","1,918,249,000","1,257,345,000","1,452,619,000","2,424,176,000","1,998,051,000","1,623,938,000","1,757,889,000","1,613,683,000","1,009,794,000","1,970,347,000","1,431,166,000","1,267,144,000","1,118,622,000","674,929,000","454,212,000","209,570,000"
	OperatingRevenue,"2,258,842,000","2,362,969,000","2,339,017,000","1,918,249,000","1,257,345,000","1,452,619,000","2,424,176,000","1,998,051,000","1,623,938,000","1,757,889,000","1,613,683,000","1,009,794,000","1,970,347,000","1,431,166,000","1,267,144,000","1,118,622,000","674,929,000","454,212,000","209,570,000"
CostOfRevenue,"1,520,355,000","1,483,667,000","1,126,452,000","975,691,000","920,448,000","1,298,797,000","1,378,852,000","1,022,072,000","851,819,000","327,086,000","266,145,000","232,533,000","300,681,000","258,386,000","225,400,000","151,295,000","37,476,000","137,984,000","57,515,000"
GrossProfit,"738,487,000","879,302,000","1,212,565,000","942,558,000","336,897,000","153,822,000","1,045,324,000","975,979,000","772,119,000","1,430,803,000","1,347,538,000","777,261,000","1,669,666,000","1,172,780,000","1,041,744,000","967,327,000","637,453,000","316,228,000","152,055,000"
OperatingExpense,"282,334,000","299,085,000","251,556,000","213,054,000","168,953,000","188,988,000","235,152,000","80,132,000","201,321,000","592,585,000","436,177,000","429,633,000","858,917,000","636,126,000","534,207,000","367,971,000","389,780,000","165,586,000","90,380,000"
	SellingGeneralAndAdministration,"118,347,000","122,241,000","103,745,000","106,252,000","98,424,000","94,247,000","96,161,000","91,745,000","76,347,000","64,205,000","60,973,000","50,978,000","54,590,000","66,669,000","50,531,000","38,456,000","227,768,000","49,327,000","27,995,000"
		GeneralAndAdministrativeExpense,"118,347,000","122,241,000","103,745,000","106,252,000","98,424,000","94,247,000","96,161,000","91,745,000","76,347,000","64,205,000","60,973,000","50,978,000","54,590,000",,,,,,
			SalariesAndWages,"26,079,000","26,398,000","22,895,000","26,256,000","24,523,000","19,559,000","15,001,000","14,279,000","21,919,000","18,949,000","12,353,000","9,254,000","10,090,000",,,,,,
			OtherGandA,"92,268,000","95,843,000","80,850,000","79,996,000","73,901,000","74,688,000","81,160,000","77,466,000","54,428,000","45,256,000","48,620,000","41,724,000","44,500,000",,,,,,
	DepreciationAmortizationDepletionIncomeStatement,,,,,,,,,,"390,461,000","304,222,000","265,699,000","547,404,000","459,883,000","392,610,000","256,155,000","124,251,000","88,774,000","49,231,000"
		DepreciationAndAmortizationInIncomeStatement,,,,,,,,,,,,,,"459,883,000","392,610,000","256,155,000","124,251,000","88,774,000","49,231,000"
	OtherTaxes,"146,220,000","148,953,000","125,169,000","89,864,000","61,946,000","84,764,000","128,793,000","112,732,000","86,994,000","126,468,000","121,781,000","75,634,000","130,490,000","93,630,000","91,066,000","73,360,000","37,761,000","27,485,000","13,154,000"
	OtherOperatingExpenses,"17,767,000","27,891,000","22,642,000","16,938,000","8,583,000","9,977,000","10,198,000","-124,345,000","37,980,000","11,451,000","-50,799,000","37,322,000","126,433,000","15,944,000",,,,,
OperatingIncome,"456,153,000","580,217,000","961,009,000","729,504,000","167,944,000","-35,166,000","810,172,000","895,847,000","570,798,000","838,218,000","911,361,000","347,628,000","810,749,000","536,654,000","507,537,000","599,356,000","247,673,000","150,642,000","61,675,000"
NetNonOperatingInterestIncomeExpense,"-35,490,000","-37,154,000","-47,369,000","-51,873,000","-62,024,000","-55,157,000","-36,940,000","-23,456,000","-14,143,000","-6,554,000","-7,398,000","-16,369,000","-9,956,000",,,,,,
	InterestIncomeNonOperating,,,,,,,,,,,,"23,408,000","22,108,000",,,,,,
	InterestExpenseNonOperating,"35,490,000","37,154,000","47,369,000","51,873,000","62,024,000","55,157,000","36,940,000","23,456,000","14,143,000","6,554,000","7,398,000","39,777,000","9,956,000",,,,,,
	TotalOtherFinanceCost,,,,,"3,593,000","5,299,000","4,248,000","4,047,000","3,744,000",,,,,,,,,,
OtherIncomeExpense,"-1,396,878,000","-694,052,000","108,867,000","4,365,000","-764,184,000","-3,692,061,000","32,669,000","21,309,000","3,895,000","9,817,000","9,768,000","-819,740,000","-2,231,091,000","15,412,000","35,461,000","-142,780,000","-2,482,000","-3,040,000","162,000"
	GainOnSaleOfSecurity,"265,542,000","-76,850,000","85,959,000","21,210,000","-55,749,000","11,246,000","3,762,000","-209,000","245,000","10,322,000","3,776,000",,,,,,,,
	SpecialIncomeCharges,"-1,666,791,000","-622,943,000","0","-28,187,000","-719,142,000","-3,716,883,000","0","0","-16,214,000","-505,000","5,992,000","-819,740,000","-2,231,091,000","15,412,000","35,461,000","-142,780,000","-2,482,000","-3,040,000","162,000"
		RestructuringAndMergernAcquisition,,,,,,,,,,,,,,,,"9,422,000",,,
		ImpairmentOfCapitalAssets,,"618,693,000","0","0","719,142,000","3,716,883,000",,,,"0","0","791,137,000","2,242,921,000",,,,,,
		OtherSpecialCharges,,"4,250,000",,"28,187,000",,,,,"16,214,000","505,000","-5,992,000","28,603,000","-11,830,000",,,"133,358,000",,,
	OtherNonOperatingIncomeExpenses,"4,371,000","5,741,000","22,908,000","11,342,000","10,707,000","13,576,000","28,907,000","21,518,000","19,864,000",,,,,,,,,,
PretaxIncome,"-976,215,000","-150,989,000","1,022,507,000","681,996,000","-658,264,000","-3,782,384,000","805,901,000","893,700,000","560,550,000","841,481,000","913,731,000","-488,481,000","-1,430,298,000","544,625,000","544,324,000","516,455,000","246,318,000","148,169,000","61,379,000"
TaxProvision,"-50,998,000","-26,370,000","230,656,000","187,667,000","-227,215,000","-1,373,436,000","298,697,000","329,011,000","206,727,000","311,549,000","338,949,000","-176,538,000","-528,613,000","198,156,000","198,605,000","188,130,000","92,726,000","55,141,000","21,560,000"
NetIncomeCommonStockholders,"-930,100,000","-131,216,000","780,764,000","485,778,000","-431,049,000","-2,408,948,000","497,298,000","553,598,000","347,070,000","529,932,000","574,782,000","-311,943,000","-901,685,000","346,469,000","345,719,000","328,325,000","153,592,000","94,633,000","39,819,000"
	NetIncome,"-925,217,000","-124,619,000","791,851,000","494,329,000","-431,049,000","-2,408,948,000","507,204,000","564,689,000","353,823,000","529,932,000","574,782,000","-311,943,000","-901,685,000","346,469,000","345,719,000","328,325,000","153,592,000","94,633,000","39,819,000"
		NetIncomeIncludingNoncontrollingInterests,"-925,217,000","-124,619,000","791,851,000","494,329,000","-431,049,000","-2,408,948,000","507,204,000","564,689,000","353,823,000","529,932,000","574,782,000","-311,943,000","-901,685,000","346,469,000","345,719,000","328,325,000","153,592,000","94,633,000","39,819,000"
			NetIncomeContinuousOperations,"-925,217,000","-124,619,000","791,851,000","494,329,000","-431,049,000","-2,408,948,000","507,204,000","564,689,000","353,823,000","529,932,000","574,782,000","-311,943,000","-901,685,000","346,469,000","345,719,000","328,325,000","153,592,000","93,028,000","39,819,000"
			NetIncomeExtraordinary,,,,,,,,,,,,,,,,,,"1,605,000",
	PreferredStockDividends,,"5,078,000",,,,,,,,,,,,,,,,,
	OtherunderPreferredStockDividend,,"1,519,000","11,087,000","8,551,000","0","0","9,906,000","11,091,000","6,753,000",,,,,,,,,,
AverageDilutionEarnings,,"0","3,000","3,000","0","0","15,000","15,000","21,000",,,,,,,,,,
DilutedNIAvailtoComStockholders,"-930,100,000","-131,216,000","780,767,000","485,781,000","-431,049,000","-2,408,948,000","497,313,000","553,613,000","347,091,000","529,932,000","574,782,000","-311,943,000","-901,685,000","346,469,000","345,719,000","328,325,000","153,592,000","94,633,000","39,819,000"
BasicEPS,,,"8.32","5.19","-4.62","-25.92","5.79","6.48","4.08","6.17","6.74","-3.82","-11.07","4.23","4.21","5.07","3.7","2.28","1.32"
DilutedEPS,,,"8.32","5.19","-4.62","-25.92","5.78","6.47","4.07","6.15","6.7","-3.82","-11.07","4.09","4.11","4.9","3.59","2.22","1.31"
BasicAverageShares,,,"93,793,000","93,466,000","93,379,000","92,992,000","85,679,000","85,288,000","84,757,000","83,755,000","83,335,000","81,815,000","81,478,000","81,819,000","82,066,000","64,761,000","41,466,000","41,521,000","30,239,000"
DilutedAverageShares,,,"93,820,000","93,509,000","93,379,000","92,992,000","85,810,000","85,409,000","85,034,000","84,153,000","83,787,000","81,815,000","81,478,000","84,632,000","84,090,000","67,000,000","42,763,000","42,640,000","30,317,000"
TotalOperatingIncomeAsReported,"-945,096,000","-115,326,000","1,046,968,000","750,714,000","-606,947,000","-3,740,803,000","813,934,000","895,638,000","571,043,000","838,277,000","911,361,000","-455,822,000","-1,440,968,000","541,753,000","500,519,000","522,134,000","246,432,000","149,122,000","61,756,000"
TotalExpenses,"1,802,689,000","1,782,752,000","1,378,008,000","1,188,745,000","1,089,401,000","1,487,785,000","1,614,004,000","1,102,204,000","1,053,140,000","919,671,000","702,322,000","662,166,000","1,159,598,000","894,512,000","759,607,000","519,266,000","427,256,000","303,570,000","147,895,000"
InterestIncome,,,,,,,,,,,,"23,408,000","22,108,000",,,,,,
InterestExpense,"35,490,000","37,154,000","47,369,000","51,873,000","62,024,000","55,157,000","36,940,000","23,456,000","14,143,000","6,554,000","7,398,000","39,777,000","9,956,000",,,,,,
NetInterestIncome,"-35,490,000","-37,154,000","-47,369,000","-51,873,000","-62,024,000","-55,157,000","-36,940,000","-23,456,000","-14,143,000","-6,554,000","-7,398,000","-16,369,000","-9,956,000",,,,,,
NetIncomeFromContinuingAndDiscontinuedOperation,"-925,217,000","-124,619,000","791,851,000","494,329,000","-431,049,000","-2,408,948,000","507,204,000","564,689,000","353,823,000","529,932,000","574,782,000","-311,943,000","-901,685,000","346,469,000","345,719,000","328,325,000","153,592,000","93,028,000","39,819,000"
NormalizedIncome,"402,829,993.78","452,710,225","725,318,734","499,387,325","76,504,605","-48,457,231","504,837,702","564,821,088","363,899,439","523,749,635.284","568,637,444.791","211,541,341.909","504,833,982.992","336,664,491.893","323,196,492.341","419,094,270.314","155,139,655.242","94,936,665.915","39,713,904.153"
EBIT,"-940,725,000","-113,835,000","1,069,876,000","733,869,000","-596,240,000","-3,727,227,000","842,841,000","917,156,000","574,693,000","848,035,000","921,129,000","-448,704,000","-1,420,342,000","536,654,000","507,537,000","599,356,000","247,673,000","150,642,000","61,675,000"
EBITDA,"-29,159,000"
ReconciledCostOfRevenue,"1,520,355,000","1,483,667,000","1,126,452,000","975,691,000","920,448,000","1,298,797,000","1,378,852,000","1,022,072,000","851,819,000","327,086,000","266,145,000","232,533,000","300,681,000","256,478,000","221,616,000","144,204,000","35,519,000","136,070,000","57,390,000"
ReconciledDepreciation,"911,566,000","882,173,000","590,473,000","446,031,000","465,936,000","778,923,000","806,021,000","615,874,000","513,916,000","390,461,000","304,222,000","265,699,000","547,404,000","461,791,000","396,394,000","263,246,000","126,208,000","90,688,000","49,356,000"
NetIncomeFromContinuingOperationNetMinorityInterest,"-925,217,000","-124,619,000","791,851,000","494,329,000","-431,049,000","-2,408,948,000","507,204,000","564,689,000","353,823,000","529,932,000","574,782,000","-311,943,000","-901,685,000","346,469,000","345,719,000","328,325,000","153,592,000","93,028,000","39,819,000"
TotalUnusualItemsExcludingGoodwill,"-1,401,249,000","-699,793,000","85,959,000","-6,977,000","-774,891,000","-3,705,637,000","3,762,000","-209,000","-15,969,000","9,817,000","9,768,000","-819,740,000","-2,231,091,000","15,412,000","35,461,000","-142,780,000","-2,482,000","-3,040,000","162,000"
TotalUnusualItems,"-1,401,249,000","-699,793,000","85,959,000","-6,977,000","-774,891,000","-3,705,637,000","3,762,000","-209,000","-15,969,000","9,817,000","9,768,000","-819,740,000","-2,231,091,000","15,412,000","35,461,000","-142,780,000","-2,482,000","-3,040,000","162,000"
NormalizedEBITDA,"1,372,090,000","1,468,131,000","1,574,390,000","1,186,877,000","644,587,000","757,333,000","1,645,100,000","1,533,239,000","1,104,578,000","1,228,679,000","1,215,583,000","636,735,000","1,358,153,000","983,033,000","868,470,000","1,005,382,000","376,363,000","244,370,000","110,869,000"
TaxRateForCalcs,"0.052","0.175","0.226","0.275","0.345","0.363","0.371","0.368","0.369","0.37","0.371","0.361","0.37","0.364","0.365","0.364","0.376","0.372","0.351"
TaxEffectOfUnusualItems,"-73,202,006.22","-122,463,775","19,426,734","-1,918,675","-267,337,395","-1,345,146,231","1,395,702","-76,912","-5,892,561","3,634,635.284","3,623,444.791","-296,255,658.091","-824,572,017.008","5,607,491.893","12,938,492.341","-52,010,729.686","-934,344.758","-1,131,334.085","56,904.153"